2934 4192
500 226 523 281 Ι.
542 225 756 282 silamanus.
775 230 799 284 2.
818 230 843 284 3.
1166 216 1186 280 3

155 402 291 469 castellis
320 401 436 468 idonea
464 401 656 483 communiit,
684 400 926 483 multitudinem,
958 424 1052 485 quam
1080 424 1186 470 secum

155 505 298 586 duxerat,
325 506 359 570 iu
386 504 472 590 agris
495 503 660 571 collocavit
683 504 862 588 crebrisque
885 507 1123 573 excursionibus
1144 508 1186 574 lo

155 608 333 693 oupletarit.
363 608 477 690 Neque
498 607 620 676 minore
641 607 675 672 in
698 628 738 672 ea
758 627 793 672 re
814 607 981 692 prudentia
1004 629 1097 692 quam
1120 611 1220 677 feli-2

154 713 247 778 citate
269 731 344 778 usus
366 715 423 777 est.
450 711 535 776 Nam
556 730 627 776 oum
650 710 767 776 virtute
788 711 922 775 militum
944 710 1113 779 devicisset
1135 714 1186 781 ho

154 816 247 881 stium
277 815 449 896 exercitus,
480 833 604 880 summa
633 814 793 898 aequitate
821 834 872 880 res
901 815 1062 881 constitnit
1089 824 1185 901 atque

153 920 220 1003 ipsc
234 917 353 985 ibidem
369 937 499 983 manere
513 916 665 1007 decrevit.⁴
693 918 770 982 Erat
785 918 869 983 euim
884 918 967 984 inter
988 939 1062 986 suos
1084 919 1184 1005 digni·
1203 933 1218 979 3

154 1030 217 1088 tate
244 1023 341 1107 regia,
369 1041 559 1105 quamquam
588 1021 715 1087 carebat
743 1023 880 1103 nominc,
903 1042 1007 1105 neque
1027 1022 1061 1088 id
1084 1025 1185 1109 magis

153 1127 283 1211 imperio
299 1146 393 1210 quam
408 1125 528 1191 iustitia
543 1131 729 1191 consecutus
746 1132 822 1190 erat.
857 1122 964 1191 Nihilo
980 1127 1077 1192 setius
1092 1129 1185 1194 Athe-

152 1230 329 1312 niensibus,
360 1250 380 1294 a
410 1229 524 1312 quibus
554 1234 622 1294 erat
650 1228 824 1313 profectus,
858 1229 964 1294 officia
995 1232 1184 1315 praestabat.

154 1333 274 1410 Quibus
295 1335 390 1400 rebus
411 1333 518 1414 fiebat,
541 1337 661 1398 utnon
683 1333 788 1398 minus
810 1353 917 1398 eornm
939 1334 1100 1400 voluntate
1119 1356 1186 1420 per-

153 1445 281 1521 petuum
299 1437 465 1522 imperium
488 1437 654 1518 obtineret,
677 1436 731 1519 qui
753 1437 913 1518 miserant,
937 1457 1031 1520 quam
1053 1439 1184 1522 illorum,

153 1563 223 1607 oum
247 1541 360 1624 quibus
383 1547 450 1605 erat
471 1539 641 1626 profectus.
688 1538 882 1606 Chersoneso
910 1540 969 1605 hoc
995 1541 1088 1607 modo
1115 1562 1219 1608 con-r

152 1647 261 1712 stituta
282 1646 436 1710 Lemnum
462 1643 629 1709 revertitur
655 1649 687 1708 ct
719 1663 759 1708 cx
782 1650 875 1727 pacto
897 1645 1042 1728 postulat,
1066 1645 1185 1710 utiam

152 1749 213 1814 sibi
235 1750 344 1815 urbem
367 1748 511 1832 tradant;
535 1767 569 1813 se
592 1746 676 1812 enim
699 1745 827 1811 domum
847 1747 1035 1813 Chersonesi
1055 1748 1180 1815 habere.

153 1854 259 1935 Cares,
283 1853 336 1935 qni
359 1861 424 1917 tum
447 1854 602 1917 Lemnum
625 1850 814 1932 incolebant,
843 1851 902 1916 etsi
923 1857 1047 1935 praeter
1069 1853 1219 1937 opinio-5

151 1977 225 2023 nem
239 1977 290 2022 res
307 1956 472 2037 ceciderat,
496 1961 682 2020 tamennon
705 1953 798 2036 dicto,
822 1953 879 2021 sed
898 1955 1038 2020 secunda
1060 1955 1186 2021 fortuna

151 2060 401 2126 adversariorum
432 2059 515 2144 capti
545 2058 691 2124 resistere
719 2058 789 2124 ausi
825 2078 890 2123 non
920 2065 993 2124 sunt
1022 2064 1117 2141 atque
1143 2079 1185 2125 ex

152 2165 254 2230 insula
277 2164 499 2247 demigrarunt.
1259 2233 1260 2236 ,

253 2266 381 2333 Eisdem
408 2269 600 2352 temporibus
626 2269 793 2333 Persarum
819 2286 877 2332 rex
898 2266 1015 2331 Darius
1042 2287 1082 2331 ex
1105 2267 1182 2332 Asia
1201 2273 1219 2327 3
1236 2300 1338 2344 ,mcq

150 2372 184 2437 in
205 2373 363 2456 Europam
386 2372 527 2436 exercitu
549 2372 679 2436 traiecto
702 2370 829 2454 Scythis
856 2371 973 2435 bellum
995 2369 1111 2436 inferre
1134 2370 1185 2435 de-

152 2476 259 2541 crevit.
304 2475 437 2539 Pontem
460 2474 536 2539 fecit
557 2474 591 2544 in
613 2474 719 2539 Histro
746 2473 885 2554 flumine,
914 2493 974 2555 quo
998 2475 1104 2556 copias
1126 2479 1184 2538 tra-

151 2579 289 2645 duceret.
320 2577 396 2643 Eius
411 2577 525 2662 pontis,
549 2576 624 2642 dum
643 2578 712 2661 ipse
735 2578 870 2657 abesset,
894 2575 1038 2641 custodes
1060 2576 1185 2658 reliquit

151 2683 318 2768 principes,
343 2700 420 2765 quos
443 2700 549 2746 secum
574 2700 614 2745 ex
634 2681 724 2746 Ionia
746 2687 778 2745 ct
792 2679 923 2744 Aeolide
946 2679 1096 2764 duxerat3
1120 2681 1183 2764 qui·

151 2789 211 2854 bus
234 2785 366 2868 singulis
382 2785 575 2868 singularum
590 2784 714 2849 urbium
731 2788 884 2866 perpetua
898 2783 1029 2847 dederat
1043 2784 1182 2868 imperia.

151 2890 205 2957 Sic
231 2889 315 2953 enim
342 2888 490 2952 facillime
517 2887 641 2972 putavit
668 2907 702 2953 se
730 2888 851 2953 Graeca
876 2887 985 2970 lingua
1010 2889 1217 2971 loquentes,2

152 2993 205 3076 qui
228 2993 336 3057 Asiam
363 2992 545 3072 incolerent,
574 2992 631 3057 sub
660 3011 718 3056 sua
744 2996 935 3056 retenturum
964 2997 1129 3074 potestate,
1157 2993 1184 3057 si

150 3096 261 3162 amicis
283 3095 348 3161 suis
371 3095 488 3180 oppida
509 3095 628 3160 tuenda
643 3095 833 3176 tradidisset,
857 3095 971 3177 quibus
986 3115 1020 3161 se
1035 3115 1184 3181 oppresso

151 3201 237 3265 nulla
252 3219 325 3284 spes
341 3199 450 3265 salutis
469 3200 705 3282 relinqueretur.
743 3199 782 3263 ln
794 3198 864 3263 'hoo
885 3203 952 3262 tum
974 3217 1103 3264 numero
1125 3199 1185 3264 luit
1202 3209 1217 3255 3

152 3302 318 3369 Miltiades.
361 3304 403 3383 Is,
427 3323 497 3367 curn
521 3303 622 3367 crebri
644 3303 795 3367 afferrent
817 3303 919 3367 nuntii
940 3303 1022 3367 male
1044 3323 1110 3368 rem
1132 3325 1184 3387 ge-

151 3427 219 3472 rere
247 3406 377 3472 Darium
408 3407 570 3490 premique
600 3426 620 3470 a
646 3406 783 3490 Scythis,
813 3406 955 3472 hortatus
986 3413 1034 3471 est
1064 3413 1184 3474 ceteros

151 3511 255 3595 pontis
286 3510 441 3592 custodes,
477 3531 564 3576 nea
593 3510 719 3577 fortuna
749 3510 856 3576 datam
886 3511 1081 3577 occasionem
1111 3512 1184 3577 libe-

151 3614 270 3678 randae
286 3613 418 3680 Graciae
435 3613 637 3679 dimitterent.
673 3615 755 3678 Nam
771 3616 797 3680 si
814 3635 883 3679 cum
908 3615 953 3680 eis
975 3615 1082 3698 copiis,
1106 3635 1183 3698 quas
1203 3621 1218 3667 4

153 3736 259 3782 secum
282 3723 519 3801 transportaret,
541 3717 701 3782 interisset
722 3717 848 3799 Darius,
876 3738 940 3782 non
968 3718 1068 3783 solum
1089 3718 1184 3784 Euro-

153 3839 225 3903 pam
252 3818 319 3884 fore
345 3826 458 3900 tutam,
487 3819 660 3884 sedetiam
688 3840 759 3899 eos,
787 3821 840 3901 qui
867 3821 974 3885 Asiam
1001 3820 1182 3898 incolerent,

1001 3928 1029 3972 1¹4
