2934 4192
298 176 338 238 14
406 191 442 245 II.
461 187 744 244 THEMISTOGLES.
769 191 808 245 lo.
844 189 896 243 IIL
915 185 1122 244 ARISTIDES.
1143 191 1165 244 1.
1179 190 1203 242 2.

295 363 413 428 famam
442 382 600 427 venenum
630 382 687 428 sua
716 343 828 457 sponte
857 361 1038 445 sumpsisse,
1069 377 1139 426 curn
1170 380 1213 442 se,
1245 379 1326 442 quae

294 469 363 551 regi
391 466 432 532 de
455 466 588 532 Graecia
618 463 825 550 opprimenda
853 466 1009 550 pollicitus
1039 471 1132 546 essct,
1165 470 1325 550 praestare

261 592 276 640 u
294 591 386 655 posse
402 569 592 655 desperaret.
629 569 718 633 Idem
738 589 809 634 ossa
825 569 892 636 eius
915 569 995 634 clam
1011 569 1050 633 ‘in
1063 569 1168 634 Attica
1189 569 1230 634 ab
1252 569 1326 633 ami-

296 675 340 742 cis
363 675 487 758 sepulta
508 673 679 738 memoriae
701 672 847 757 prodidit.

262 791 276 839 1
397 779 454 842 ΙΙΙ.
471 778 653 858 Amsmnns,
673 777 856 859 Lysimachi
877 776 969 858 filius,
992 776 1195 843 Atheniensis
1214 796 1327 860 aequa-

294 882 333 947 lis
355 881 422 947 fere
443 880 503 945 fuit
517 880 720 946 Themistocli
742 885 837 962 atque
859 901 930 945 cum
953 899 990 946 eo
1010 879 1050 946 de
1064 880 1242 965 principatu
1258 901 1327 946 con-

295 983 405 1050 tendit.
450 985 596 1066 Namque
626 984 846 1050 obtrectabant
876 984 959 1050 inter
980 1004 1015 1049 se
1036 985 1070 1048 in
1093 984 1253 1069 republica
1276 984 1327 1049 ad-

262 1085 512 1153 aministranda.
556 1089 595 1152 In
617 1087 667 1152 his
693 1092 800 1152 autem
827 1086 987 1171 cognitum
1013 1094 1071 1169 cst,
1099 1094 1217 1171 quanto
1243 1094 1327 1154 ante

296 1197 393 1256 staret
408 1191 587 1273 eloquentia
602 1190 811 1256 innocentiae.
844 1189 1042 1274 Quamquam
1065 1192 1149 1257 enim
1172 1191 1252 1258 adeo
1275 1213 1327 1257 ex-

295 1296 430 1360 cellebat
451 1294 607 1360 Aristides
629 1294 831 1376 abstinentia,
855 1301 890 1360 ut
909 1315 990 1360 unus
1004 1301 1076 1380 post
1090 1294 1252 1361 hominum
1265 1316 1328 1361 me-

296 1399 435 1480 moriam,
460 1396 543 1480 quod
563 1397 690 1480 quidem
712 1418 771 1464 nos
793 1397 994 1481 audierimus,
1015 1400 1203 1481 cognomine
1221 1401 1328 1465 Iustus

296 1503 337 1568 sit
362 1503 549 1588 appellatus,
576 1508 683 1567 tamen
710 1520 731 1566 a
751 1501 964 1568 Themistocle
991 1503 1215 1569 collabefactus
1236 1508 1328 1568 testa-

262 1627 277 1674 3
296 1627 364 1671 rum
386 1605 545 1690 suffragiis
565 1605 676 1671 exsilio
692 1604 802 1670 decern
817 1626 971 1672 annorum
994 1607 1143 1672 multatus
1164 1613 1221 1672 est.
1266 1605 1328 1683 Qui

297 1709 423 1793 quidem
439 1729 509 1774 cum
524 1709 722 1792 intellegeret
736 1710 864 1794 reprimi
887 1710 1075 1775 concitatam
1097 1709 1328 1775 multitudinem

296 1834 360 1879 non
386 1832 478 1898 posse
506 1812 684 1895 cedensque
710 1813 988 1878 animadvertisset
1013 1812 1172 1895 quendam
1194 1814 1328 1879 scriben-

296 1925 369 1999 tem,
392 1922 427 1981 ut
449 1916 552 2001 patria
573 1917 751 2000 pelleretur,
775 1916 936 1999 quaesisse
958 1916 999 1980 ab
1023 1936 1060 1981 eo
1083 1916 1207 2000 dicitur5
1232 1938 1329 2000 quare

296 2020 330 2084 id
351 2021 470 2086 faceret
488 2025 543 2084 aut
563 2020 638 2103 quid
652 2019 807 2086 Aristides
822 2020 1037 2102 commisisset,
1054 2041 1109 2085 cur
1123 2026 1214 2086 tanta
1226 2041 1329 2106 poena

262 2143 279 2190 4
298 2124 413 2208 dignus
440 2122 614 2188 duceretur.
654 2123 712 2190 Gui
738 2123 791 2188 illc
813 2123 975 2207 respondit
996 2124 1141 2209 ignorare
1164 2145 1199 2190 sc
1221 2126 1329 2191 Aristi·

283 2227 379 2309 dem,
407 2226 465 2292 sed
486 2227 547 2292 sibi
568 2247 632 2291 non
657 2228 791 2310 placere,
820 2226 903 2309 quod
924 2233 989 2292 tarn
1013 2227 1126 2312 cupide
1147 2228 1327 2312 laborasset,

297 2341 332 2396 ut
358 2337 483 2415 praeter
505 2333 752 2422 ceterosqlustus
774 2331 994 2415 appellaretur.
1032 2332 1101 2396 Nec
1122 2351 1197 2397 vero
1220 2332 1328 2398 docem

263 2455 278 2499 a
298 2455 451 2500 annorum
465 2434 639 2517 legitimam
654 2453 789 2517 poenam
805 2435 940 2519 pertulit.
974 2436 1058 2500 Nam
1072 2441 1239 2520 postquam
1253 2439 1328 2502 Xcr-

298 2558 356 2603 xes
377 2539 410 2602 in
435 2537 599 2603 Graeciam
622 2537 795 2620 descendit,
823 2544 913 2604 sexto
935 2537 1003 2603 fere
1025 2559 1119 2620 anno,
1147 2559 1240 2622 quarn
1263 2547 1329 2606 erat

262 2642 459 2726 teupulsus,
484 2641 597 2725 'populi
626 2641 704 2706 scito
730 2641 763 2706 in
790 2642 924 2726 patriam
947 2643 1108 2707 restitutus
1131 2650 1187 2709 est.
1232 2646 1329 2709 Intcr-

297 2745 356 2810 fuit
382 2752 489 2810 tamen
516 2764 644 2828 pugnae
674 2745 780 2810 navali
809 2744 896 2830 apud
925 2746 1086 2812 Salamina
1115 2748 1201 2830 prius
1236 2769 1329 2830 quarn

297 2868 401 2933 poena
422 2848 614 2914 liberaretur.
648 2847 738 2912 Idem
761 2856 886 2933 praetor
907 2849 967 2914 fuit
981 2848 1225 2916 Atheniensium
1243 2852 1328 2937 apud

144 2986 244 3030 russei,
298 2953 443 3017 Plataeas
458 2951 491 3016 in
507 2951 634 3036 proelio,
656 2971 717 3034 quo
732 2952 936 3017 barbaronrm
956 2953 1113 3018 exercitus
1133 2953 1231 3037 fusus,
1251 2956 1329 3019 Mar-

264 3055 420 3136 adonius,
447 3054 514 3119 dux
535 3055 712 3137 Persarum,
739 3055 923 3121 interfectus
946 3062 1002 3121 cst.
1040 3057 1152 3140 Neque
1174 3057 1259 3123 aliud
1282 3067 1330 3124 est

298 3159 393 3223 ullum
409 3158 555 3224 Aristidis
577 3159 610 3223 in
633 3178 667 3223 re
689 3159 816 3224 militari
838 3160 957 3226 illustre
979 3159 1097 3226 facturn
1121 3181 1215 3244 quam
1237 3161 1330 3227 huius

298 3262 420 3347 imperii
442 3262 602 3338 memoria,
630 3262 767 3328 iustitiae
789 3283 864 3330 vero
887 3268 918 3328 et
939 3263 1139 3330 innocentiae
1162 3266 1268 3347 multa,
1295 3265 1327 3330 in

298 3365 415 3450 primis,
440 3365 525 3448 quod
538 3364 632 3431 huius
647 3367 807 3449 aequitate
826 3366 1014 3447 factumest,
1038 3367 1157 3432 cumin
1174 3369 1329 3433 communi

299 3470 399 3536 classe
414 3475 498 3535 esset
513 3469 664 3535 Graeciae
679 3470 771 3535 simul
791 3490 861 3534 cum
876 3470 1044 3551 Pausania,
1068 3491 1129 3554 quo
1152 3470 1232 3537 duce
1251 3473 1330 3536 Mar-

298 3572 411 3638 donius
441 3580 508 3638 crat
536 3579 721 3658 prostratus,
751 3579 787 3637 ut
812 3593 936 3642 summa
962 3575 1086 3658 imperii
1112 3575 1260 3640 maritimi
1286 3576 1329 3641 ab

145 3711 246 3754 trason.
265 3699 281 3746 a
299 3676 558 3743 Lacedaemoniis
591 3676 812 3743 transferretur
845 3676 887 3742 ad
918 3677 1138 3743 Athenienses.
1183 3679 1330 3762 Namque

299 3786 374 3845 ante
393 3779 426 3845 id
446 3787 569 3864 tempus
590 3788 622 3846 et
641 3781 719 3848 mari
740 3787 771 3852 ct
786 3787 869 3845 terra
885 3778 980 3854 duces
996 3780 1161 3850 universae
1177 3781 1328 3846 Graeciae
