2934 4192
294 160 336 222 46
606 174 687 228 XIII.
706 172 926 228 TIMOTHEUS.
945 176 969 228 3.
988 177 1013 228 4.

260 353 275 398 2
294 347 495 412 Menestheus
518 353 652 431 praetor,
675 346 757 412 filius
779 346 956 430 Iphicratis,
979 366 1079 430 gener
1093 344 1260 425 Timothei,
1285 351 1327 426 et,

138 483 240 526 resecr.
294 457 329 520 ut
357 450 399 514 ad
425 450 542 515 bellum
568 449 789 534 proficiscatrn·,
821 448 1006 513 decernitur.
1052 449 1134 514 Huic
1163 449 1196 512 in
1226 450 1327 514 consi-

293 555 369 620 lium
399 553 513 618 dantur
543 553 640 618 duces
667 573 726 618 usu
752 552 971 636 sapientiaque
1000 558 1207 636 praestantes,
1236 557 1329 635 pater

294 664 325 721 et
351 677 450 738 socer,
480 656 564 738 quod
591 657 623 720 in
650 654 699 721 his
729 662 819 720 tanta
848 662 915 719 erat
941 655 1120 736 auctoritas,
1149 661 1184 719 ut
1210 675 1329 738 magna

258 771 274 818 3
293 780 365 844 spes
388 767 472 825 esset
491 779 548 844 per·
577 780 631 824 cos
660 759 776 824 amissa
804 778 897 843 posse
917 758 1103 842 recuperari.
1148 759 1176 824 Ii
1199 778 1269 822 cum
1292 758 1326 822 in

292 864 531 947 Hellespontum
560 862 693 948 profecti
722 868 827 927 essent
854 868 886 926 et
916 861 1027 926 eodem
1055 862 1174 927 Chares
1201 862 1327 926 illorum

291 965 431 1031 adventu
454 967 580 1049 cognito
605 987 675 1032 cum
698 966 763 1031 suis
786 965 884 1049 copiis
905 964 1163 1049 proficisceretur,
1186 968 1326 1048 nequid

291 1071 424 1135 absente
451 1089 486 1136 se
512 1076 637 1153 gestum
660 1068 828 1150 videretur,
859 1068 983 1150 accidit,
1013 1075 1048 1132 nt
1070 1089 1188 1152 magna
1209 1076 1326 1155 tempe-

292 1179 357 1240 stas
390 1178 542 1237 oreretur:
580 1193 675 1254 qnam
709 1172 828 1239 evitare
862 1171 924 1236 dno
960 1177 1085 1236 veteres
1121 1172 1325 1256 imperatores

257 1287 274 1332 4
292 1275 368 1340 utile
390 1275 532 1341 arbitrati
554 1295 644 1340 suam
667 1276 799 1340 classem
820 1281 1068 1360 suppresserunt.
1102 1276 1145 1339 At
1162 1275 1216 1340 ille
1231 1283 1324 1342 teme-

291 1379 374 1442 raria
400 1399 475 1444 usus
501 1379 622 1444 ratione
648 1398 713 1443 non
740 1378 834 1443 cessit
859 1378 1012 1444 maiorum
1037 1384 1115 1442 natu
1136 1381 1324 1462 auctoritati,

291 1482 432 1546 velutin
455 1502 513 1547 sua
535 1485 631 1547 mann
657 1488 740 1547 esset
766 1481 900 1546 fortuna.
947 1479 1020 1556 Quo
1043 1481 1260 1565 contenderat,
1289 1492 1324 1549 ut
1446 1567 1447 1570 Ἴ

291 1585 445 1669 pervenit,
473 1585 583 1651 eodem
605 1592 641 1649 ut
663 1592 876 1668 sequerentur,
903 1584 946 1648 ad
967 1585 1166 1650 Timotheum
1189 1593 1221 1652 et
1243 1587 1325 1672 Iphi·
1446 1573 1447 1636 Ϊ

195 1774 197 1780 Ι
292 1689 575 1754 cratemnnntium
597 1689 692 1753 misit.
723 1689 807 1754 Hinc
829 1688 912 1752 male
933 1707 968 1752 re
990 1694 1090 1771 gesta,
1113 1690 1325 1773 compluribus

290 1791 414 1857 amissis
436 1792 573 1858 navibus
596 1811 643 1872 eo,
665 1790 750 1856 unde
773 1798 840 1855 erat
861 1792 1030 1874 profectus,
1053 1810 1088 1856 se
1110 1794 1229 1878 recepit
1244 1794 1325 1858 litte·
1446 1857 1447 1866 ἶ

290 1915 403 1977 rasqne
418 1894 560 1960 Athenas
580 1894 706 1977 publice
728 1894 822 1974 misit,
847 1895 908 1959 sibi
929 1894 1068 1978 proclive
1089 1893 1188 1960 fuisse
1202 1897 1325 1979 Byzan-

289 2001 368 2064 tium
390 2019 513 2083 capere,
536 1998 598 2063 nisi
619 1998 818 2063 aTimotheo
839 2004 871 2062 et
885 1997 1043 2081 Iphicrate
1063 1997 1205 2081 desertus
1225 2009 1324 2066 esset:

256 2103 428 2187 oPopulus
460 2101 606 2182 acerbus,
645 2101 794 2185 suspicax
827 2101 866 2166 ob
901 2120 1034 2183 eamque
1066 2121 1132 2165 rem
1165 2102 1325 2169 nobilibus
1446 2121 1447 2150 1

290 2204 497 2286 adversarius,
520 2204 648 2270 invidus
667 2205 795 2270 domum
815 2225 868 2270 eos
887 2212 1030 2289 revocat,
1052 2211 1241 2271 accusantur
1254 2229 1325 2292 pro·

290 2307 426 2374 ditionis.
457 2309 525 2373 Hoc
539 2308 656 2373 indicio
672 2308 839 2373 damnatur
852 2307 1157 2392 Timotheualisqne
1180 2309 1209 2374 ei
1231 2311 1324 2376 aesti-

289 2418 392 2476 matur
418 2418 543 2476 centnm
570 2411 705 2477 talentis.
751 2411 812 2475 Ille‘
839 2410 910 2476 odio
936 2411 1081 2496 ingratae
1107 2412 1244 2478 civitatis
1268 2414 1323 2478 ad-

254 2515 402 2582 4ductus
425 2514 607 2582 Chalcidem
630 2535 664 2580 sc
692 2515 830 2579 contulit.
876 2514 977 2579 Huius
1003 2520 1227 2598 postmortem
1251 2537 1322 2582 cum

289 2621 438 2703 populum
462 2619 570 2684 iudicii
592 2619 641 2685 sui
662 2618 847 2702 paeniteret,
870 2618 989 2682 multae
1011 2637 1125 2683 novem
1145 2625 1250 2702 partes
1270 2620 1321 2685 de-

288 2724 385 2787 traxit
408 2730 439 2788 et
461 2722 571 2787 decem
597 2722 717 2786 talenta
740 2720 909 2802 Cononem,
939 2720 1038 2786 filium
1065 2720 1141 2802 eius,
1172 2721 1215 2785 ad
1240 2725 1321 2788 muri

288 2825 447 2907 quandam
469 2832 591 2909 partem
613 2823 815 2889 reficiendam
838 2823 914 2887 dare
940 2824 1038 2888 iussit.
1084 2824 1121 2888 In
1144 2845 1205 2906 quo
1226 2825 1322 2891 fortu-

287 2949 348 2993 nae
369 2929 506 2993 varietas
529 2936 576 2994 est
598 2925 828 2992 animadversa.
856 2928 940 2991 Nam
960 2946 1038 3009 quos
1056 2947 1135 2992 avus
1154 2948 1259 2995 muros
1278 2949 1320 2994 ex

287 3031 423 3097 hostium
449 3032 568 3116 praeda
596 3050 667 3095 oum
694 3030 834 3094 maxima
859 3029 960 3113 gloria
985 3029 1109 3114 patriae
1131 3031 1319 3114 restituerat,

287 3132 415 3200 eosdem
444 3154 543 3218 nepos
573 3155 645 3199 cum
671 3153 798 3198 summa
823 3133 998 3218 ignominia
1027 3133 1165 3198 familiae
1192 3153 1233 3199 ex
1261 3155 1322 3200 sua

286 3257 320 3302 re
343 3237 489 3301 familiari
511 3237 640 3301 reficere
663 3243 788 3301 coactus
810 3242 866 3300 est.

252 3355 267 3400 a
391 3341 548 3405 Timothei
571 3347 676 3404 autem
697 3339 878 3404 moderatae
905 3339 1117 3422 sapientisque
1139 3339 1225 3404 vitae
1247 3361 1319 3405 cum

287 3444 385 3509 multa
407 3443 562 3527 possimus
584 3442 722 3528 proferre
741 3441 929 3522 testimonia,
951 3462 1015 3506 uno
1035 3442 1150 3507 erimus
1169 3445 1319 3524 contenti,

287 3546 371 3630 quod
393 3567 433 3612 ex
457 3567 494 3611 eo
516 3546 610 3610 facile
633 3545 733 3610 conici
755 3545 878 3629 poterit,
902 3564 997 3627 quam
1021 3565 1110 3610 carus
1129 3546 1194 3611 suis
1213 3545 1317 3611 suerit.

288 3651 367 3716 Cum
389 3650 522 3715 Athenis
544 3649 798 3714 adulescentulus
821 3668 947 3712 causam
970 3646 1096 3728 diceret,
1126 3668 1190 3713 nou
1217 3649 1318 3714 solum

286 3753 380 3819 amici
388 3753 564 3838 privatique
572 3751 711 3834 hospites
722 3750 763 3814 ad
773 3749 1085 3816 eumdefendendum
1094 3759 1318 3834 convenerunt,
