2890 4196
292 221 335 285 84
585 237 664 290 XXI.
682 237 732 290 DE
750 237 918 292 REGIBUS.
939 243 961 293 1.
975 242 998 294 2.
1011 243 1035 294 3.

257 411 405 479 roitibus
432 417 516 475 terra
543 409 685 492 marique
713 410 828 474 bellum
856 411 960 475 intulit
989 412 1150 477 Graeciae.
1195 417 1235 476 At
1262 414 1325 478 Ma-

291 513 411 578 crochir
437 513 639 597 praecipuam
667 511 763 576 habet
791 512 914 577 laudem
946 515 1161 598 amplissimae
1183 516 1325 600 pulcher-

289 619 451 699 rimaeque
488 617 625 700 corporis
662 615 796 696 formae,
842 637 937 698 qua-m
981 616 1157 683 incredibili
1201 620 1326 685 ornavit
1438 595 1439 652 A

290 721 405 785 virtute
421 720 508 785 belli:
532 739 674 801 namque
687 719 740 783 illo
750 720 867 794 Perses
889 739 982 784 nemo
1005 741 1101 785 manu
1124 721 1233 787 fortior
1254 722 1323 788 fuit.

290 825 436 889 Mnemon
459 829 565 887 autern
587 823 725 888 iustitiae
749 823 835 886 fama
856 823 969 887 floruit.
1016 825 1099 888 Nam
1123 845 1192 889 cum
1215 827 1325 890 matris

291 947 366 992 suae
389 927 507 991 scelere
529 925 687 991 amisisset
708 945 848 1007 uxorem,
873 931 995 990 tanturn
1014 927 1144 992 indulsit
1159 928 1266 1009 dolori,
1289 936 1325 993 ut

258 1032 392 1114 spietas
418 1027 567 1094 vinceret.
613 1029 663 1092 Ex
689 1029 739 1094 his
765 1028 828 1094 duo
856 1029 966 1094 eodem
992 1031 1119 1094 nomine
1141 1032 1248 1096 morbo
1271 1053 1326 1096 na-

291 1143 379 1199 turae
402 1132 542 1198 debiturn
562 1131 780 1216 reddiderunt;
803 1133 914 1198 tertius
929 1135 970 1198 ab
986 1133 1148 1198 Artabano
1163 1135 1324 1218 praefecto

290 1237 373 1301 ferro
395 1237 603 1320 interemptus
626 1242 682 1300 est.

258 1359 275 1412 2
394 1339 444 1402 Ex
475 1339 684 1404 Macedonum
713 1345 821 1403 autem
852 1346 947 1422 gente
981 1339 1042 1404 duo
1073 1341 1171 1405 multo
1202 1349 1323 1407 ceteros

290 1449 526 1508 antecesserunt
545 1463 649 1506 rerum
664 1443 824 1526 gestarum
839 1443 953 1524 gloria:
977 1443 1149 1527 Philippus,
1164 1445 1324 1528 Amyntae

290 1547 382 1626 filius,
421 1552 452 1610 et
485 1546 666 1610 Alexander
698 1545 841 1628 Magnus.
891 1546 1011 1610 Horum
1043 1547 1123 1611 alter
1159 1549 1324 1631 Babylone

290 1651 398 1722 morbo
432 1655 635 1732 consumptus
669 1654 728 1728 est;
766 1647 931 1732 Philippus
962 1650 1072 1731 Aegiis
1105 1670 1124 1714 a
1154 1651 1323 1732 Pausania,

292 1773 362 1816 cum
391 1757 567 1835 spectatum
597 1752 686 1815 ludos
717 1752 786 1832 iret,
817 1752 907 1815 iuxta
932 1752 1089 1838 theatrum
1117 1753 1237 1818 occisus
1266 1761 1322 1818 est.

166 1927 170 1941 Ι
258 1870 273 1916 n
293 1857 381 1920 Unus
402 1855 556 1939 Epirotes,
580 1853 730 1936 Pyrrhus,
759 1855 812 1936 qui
836 1875 906 1918 cum
928 1856 1043 1939 populo
1065 1857 1207 1920 Romano
1230 1857 1325 1920 bella-

291 1958 345 2022 vit.
380 1959 412 2022 Is
435 1977 506 2022 cum
522 1957 626 2042 Argos
649 1957 800 2042 oppidum
822 1964 1019 2042 oppugnaret
1041 1958 1075 2023 in
1097 1959 1324 2042 Peloponneso

257 2091 263 2098 ·
291 2060 395 2144 lapide
417 2061 498 2124 ictus
521 2061 646 2125 interiit.
671 2061 761 2126 Unus
783 2061 858 2126 item
875 2061 1008 2142 Siculus,
1031 2062 1206 2146 Dionysius
1228 2064 1322 2146 prior.

291 2165 374 2228 Nam
397 2169 427 2227 et
451 2184 546 2227 manu
569 2163 664 2228 fortis
681 2170 712 2228 et
735 2164 810 2227 belli
833 2165 952 2248 peritus
976 2165 1036 2229 fuit
1058 2171 1098 2244 et,
1126 2164 1159 2228 id
1183 2165 1267 2247 quod
1289 2167 1325 2230 in

291 2273 427 2348 tyranno
456 2287 520 2330 non
550 2267 644 2331 facile
673 2267 838 2350 reperitur,
870 2267 1000 2331 minime
1028 2266 1228 2350 libidinosus,
1260 2289 1326 2334 non

291 2369 478 2450 luxuriosae,
506 2389 569 2433 non
593 2389 717 2450 avarus,
741 2370 857 2434 nullius
878 2368 1016 2452 denique
1038 2370 1085 2434 rei
1099 2369 1239 2455 ⁴cupidus
1261 2372 1326 2437 nisi

292 2472 459 2555 singularis
486 2473 693 2557 perpetuique
720 2472 843 2556 imperii
870 2473 909 2537 ob
934 2492 1066 2556 eamque
1088 2493 1155 2537 rern
1179 2474 1325 2541 crudelis

291 2577 373 2640 Nam
395 2576 471 2640 dum
489 2576 523 2641 id
538 2576 658 2642 studuit
672 2577 803 2657 munire,
825 2575 941 2641 nullius
956 2577 1097 2661 pepercit
1111 2577 1206 2658 uitae,
1231 2599 1327 2660 quern

258 2692 273 2739 3
291 2679 506 2744 insidiatorem
521 2685 655 2764 putaret.
678 2681 711 2744 Is
734 2700 804 2743 cum
827 2679 943 2744 virtute
965 2680 1166 2762 tyrannidem
1190 2682 1250 2745 sibi
1272 2703 1328 2766 pe-

292 2782 433 2865 perisset,
456 2802 573 2866 magna
594 2783 722 2847 retinuit
744 2782 904 2848 felicitate.
942 2775 1050 2848 Maior
1064 2783 1148 2847 enim
1170 2785 1262 2850 annis
1285 2809 1327 2850 ux

292 2883 426 2949 decessit
459 2884 590 2949 florente
619 2905 722 2968 regno.
744 2905 849 2967 neque
875 2891 940 2949 tam
969 2886 1075 2950 multis
1101 2887 1195 2951 annis
1225 2887 1327 2953 cuius-

292 3007 385 3070 quam
409 3007 449 3052 ex
472 3007 529 3052 sua
552 2988 648 3071 stirpe
670 2987 764 3052 funus
787 2988 875 3069 vidit,
900 3009 970 3052 oum
993 3009 1035 3053 ex
1057 2989 1158 3053 tribus
1173 2991 1328 3056 uxoribus

292 3090 406 3154 liberos
428 3090 560 3155 haberet
582 3077 734 3172 multique
757 3091 786 3155 ei
808 3091 875 3156 nati
899 3099 1004 3156 essent
1026 3099 1166 3176 nepotes.

257 3209 275 3262 3
396 3194 537 3257 Fuerunt
557 3200 721 3277 praeterea
741 3195 849 3276 magni
863 3214 954 3277 reges
970 3215 1011 3259 ex
1025 3195 1135 3260 amicis
1151 3195 1325 3262 Alexandri

291 3296 413 3379 Magni,
442 3295 496 3377 qui
523 3302 594 3379 post
620 3295 740 3360 obitum
768 3297 835 3361 eius
862 3297 994 3380 imperia
1021 3305 1181 3381 ceperunt,
1215 3299 1248 3362 in
1278 3301 1327 3365 eis

293 3398 468 3482 Antigonus
491 3405 522 3462 et
543 3398 636 3464 huius
658 3398 740 3464 filius
762 3400 949 3480 Demetrius,
977 3401 1195 3483 Lysimachus,
1219 3402 1325 3467 Seleu·

257 3522 355 3582 acus,
379 3501 585 3565 Ptolemaeus.
623 3501 673 3566 Ex
696 3502 746 3566 his
768 3503 947 3585 Antigonus
969 3504 1002 3566 in
1025 3504 1152 3586 proelio,
1176 3524 1247 3568 cum
1270 3506 1325 3570 ad-

291 3624 400 3670 versus
423 3604 588 3669 Seleucum
617 3610 648 3668 et
670 3605 893 3687 Lysimachum
917 3605 1089 3686 dimicaret,
1117 3607 1238 3672 occisus
1265 3616 1322 3674 est.

291 3708 363 3772 Pari
396 3707 458 3770 leto
485 3707 618 3770 affectus
642 3715 689 3771 est
711 3707 919 3790 Lysimachus
942 3710 982 3773 ab
1007 3709 1150 3774 Seleuco:
1186 3731 1325 3793 namque

259 3811 441 3876 asocietate
465 3808 615 3874 dissoluta
639 3811 755 3874 bellum
778 3812 859 3875 inter
882 3831 916 3875 se
938 3819 1111 3894 gesserunt.
1146 3814 1188 3876 At
1211 3814 1325 3880 Deme·
