2934 4192
277 189 321 254 54
401 207 478 261 XIV.
497 206 691 262 DATAMES.
711 211 752 264 11.
788 208 851 263 XV.
869 207 1147 265 EPAMINONDAS.
1167 214 1191 267 1.

277 381 408 448 veniret.
443 381 581 446 Probata
599 401 634 446 re
649 381 847 465 colloquendi
861 387 987 467 tempus
1002 384 1201 450 constituitur
1216 387 1313 452 locus·

243 502 349 569 nque,
384 505 446 568 quo
479 486 709 550 conveniretur.
754 486 801 551 Eo
829 485 1028 552 Mithridates
1057 507 1128 552 cum
1157 509 1230 570 uuo,
1263 490 1314 555 eui

277 590 449 654 maximam
471 588 611 653 babebat
632 588 737 670 fidem,
760 590 879 673 aliquot
901 589 1014 656 diebus
1032 597 1107 656 ante
1126 593 1215 656 venit
1234 613 1310 658 com·

277 693 482 779 pluribusque
509 693 587 758 locis
616 692 787 776 separatim
819 692 942 776 gladios
976 693 1080 759 obruit
1112 715 1213 778 eaque
1244 696 1314 760 loca

277 797 446 880 diligenter
463 801 561 861 notat.
591 796 665 880 Ipso
685 802 792 861 autem
813 795 960 880 colloquii
981 796 1034 862 die
1055 798 1189 881 utrique,
1210 799 1313 864 locum

277 902 332 984 qui
348 901 548 985 explorarent
566 905 663 982 atque
681 899 769 983 ipsos
788 906 1009 982 scrutarentur,
1033 901 1175 988 mittunt;
1198 901 1314 968 deinde

243 1004 338 1087 aipsi
367 1009 442 1069 snut
470 1003 641 1085 congressi.
686 1002 737 1068 Ibi
770 1023 841 1068 cum
873 1003 1068 1087 aliquamdiu
1096 1006 1131 1070 in
1160 1006 1312 1089 colloquio

277 1108 412 1172 fuissent
434 1111 466 1170 et
487 1105 606 1170 diversi
632 1106 852 1171 discessissent
875 1095 1005 1190 iamque
1031 1109 1140 1192 procul
1161 1110 1313 1174 Datames

277 1212 412 1290 abesset,
442 1208 650 1291 Mithridates,
680 1209 864 1294 priusquam
890 1210 932 1274 ad
954 1231 1027 1276 suos
1052 1212 1242 1295 perveniret,
1272 1233 1313 1278 ne

278 1334 373 1396 quam
395 1313 606 1398 suspicionem
632 1319 768 1396 pareret,
797 1313 831 1377 in
859 1312 996 1379 cundem
1021 1315 1125 1380 locum
1146 1316 1314 1381 revertitur

276 1424 372 1498 atque
393 1418 448 1498 ibi,
478 1417 533 1481 ubi
555 1417 652 1481 telum
675 1423 743 1481 erat
763 1415 927 1499 infossum,
956 1417 1084 1499 resedit,
1116 1424 1152 1482 ut
1178 1419 1206 1484 si
1227 1420 1313 1485 lassi-

278 1521 387 1587 tudine
403 1528 531 1606 cuperet
545 1521 757 1604 acquiescere,
778 1521 1008 1603 Datamemque
1027 1523 1197 1603 revocavit,
1221 1523 1313 1588 simu·

243 1636 259 1682 4
277 1627 347 1691 lans
362 1645 397 1690 se
412 1624 611 1708 quiddamin
626 1624 780 1706 colloquio
796 1643 867 1690 esse
881 1624 1022 1710 oblitum.
1059 1626 1189 1690 Interim
1204 1627 1311 1707 telum,

277 1729 362 1813 quod
382 1730 511 1809 latebat,
534 1728 662 1813 protulit
682 1727 899 1810 nudatumque
921 1728 1040 1812 vagina
1061 1735 1151 1793 veste
1173 1730 1254 1794 texit
1274 1749 1313 1795 ae

276 1834 405 1899 Datami
440 1831 582 1897 venienti
618 1831 677 1895 ait:
715 1830 944 1915 digredientem
981 1851 1016 1897 se
1052 1832 1313 1899 animadvertisse

275 1940 380 2004 locum
411 1934 579 2019 quendam,
610 1935 664 2017 qui
693 1941 761 1999 erat
789 1935 822 1999 in
852 1941 1031 2019 conspectu,
1060 1933 1104 1998 ad
1129 1942 1232 2000 castra
1260 1957 1313 2020 po-

243 2057 259 2104 o
277 2040 384 2106 nenda
403 2039 562 2104 idoneum.
608 2036 711 2114 Quem
738 2058 810 2103 cum
832 2037 931 2122 digito
954 2038 1184 2104 demonstraret
1207 2047 1238 2105 et
1259 2040 1313 2106 ille

277 2144 456 2229 respiceret,
478 2160 625 2207 aversum
647 2140 730 2206 ferro
749 2140 919 2222 transfixit,
941 2141 1090 2225 priusque
1113 2161 1208 2224 quam
1231 2143 1312 2225 quis-

277 2267 372 2330 quam
393 2251 501 2331 posset
522 2264 712 2328 succurrere,
734 2245 900 2309 interfecit.
935 2245 985 2309 Ita
1006 2244 1060 2309 illc
1082 2245 1140 2327 vir,
1163 2246 1217 2329 qui
1236 2247 1313 2312 mul·

276 2360 325 2418 tos
347 2349 488 2432 consilio,
517 2348 677 2414 neminem
703 2347 836 2432 perfidia
863 2353 1010 2444 ceperat,⁴
1029 2349 1176 2414 simulata
1201 2356 1312 2434 captus

277 2462 325 2523 est
346 2453 495 2520 amicitia.

243 2579 259 2628 1
379 2559 449 2624 XV.
494 2559 739 2638 Eremmonnns,
773 2555 970 2639 Polymnidis
998 2555 1095 2638 filine,
1128 2556 1310 2623 Thebanus.

275 2666 326 2728 De
351 2663 411 2728 boc
437 2663 619 2746 priusquam
646 2659 821 2740 scribimus,
851 2659 931 2724 baec
957 2659 1182 2743 praecipienda
1203 2660 1312 2725 viden-

276 2774 326 2831 tur
351 2766 530 2845 lectoribus,
559 2783 601 2828 ne
627 2762 747 2828 alienos
773 2781 875 2827 mores
901 2761 944 2827 ad
970 2781 1043 2828 suos
1068 2762 1207 2828 referant
1227 2783 1312 2829 neve

277 2891 329 2951 ea,
363 2888 445 2951 quae
473 2868 551 2952 ipsis
579 2867 699 2932 leviora
727 2872 814 2948 snut,
847 2865 917 2950 pari
945 2865 1039 2930 modo
1072 2863 1157 2950 apud
1190 2872 1311 2934 ceteros

242 2973 374 3038 afuisse
400 2972 598 3037 arbitrentur.
644 2970 767 3036 Scimus
795 2968 879 3033 enim
908 2969 1050 3034 musicen
1076 2969 1192 3034 uostris
1221 2969 1311 3034 mori-

276 3077 335 3141 bus
364 3074 477 3141 abesse
505 3094 527 3139 a
554 3072 706 3158 principis
734 3091 879 3157 persona,
910 3072 1025 3137 saltare
1052 3091 1126 3136 vero
1154 3069 1250 3136 etiam
1276 3073 1311 3137 in
1439 3117 1440 3120 κ

275 3180 360 3246 vitiis
382 3178 472 3263 poni;
499 3197 581 3260 quae
603 3176 709 3242 omnia
729 3175 815 3260 apud
830 3175 974 3274 'Graecos
996 3180 1029 3240 et
1049 3181 1142 3259 grata
1163 3181 1195 3239 et
1215 3173 1311 3240 laude

242 3283 375 3366 adigna
396 3281 560 3347 ducuntur.
607 3280 686 3347 Oum
712 3286 818 3345 autem
846 3279 1023 3362 exprimere
1044 3277 1217 3362 imaginem
1239 3296 1310 3344 con·

275 3386 451 3452 suetudinis
472 3391 568 3467 atque
590 3384 676 3449 vitae
698 3384 832 3449 velimus
853 3380 1102 3466 Epaminondae,
1125 3381 1204 3445 nibil
1226 3379 1310 3446 vide
1436 3435 1437 3438 ,

275 3510 344 3555 mur
365 3489 480 3555 debere
501 3487 760 3574 praetermittere,
784 3485 867 3569 quod
886 3485 1043 3569 pertineat
1060 3482 1104 3548 ad
1123 3503 1194 3549 eam
1208 3482 1311 3549 decla·

240 3593 415 3659 orandam.
461 3591 566 3669 Quare
589 3591 730 3656 dicemus
751 3590 886 3674 primum
909 3589 950 3655 de
971 3606 1089 3672 genere
1115 3587 1193 3668 eius,
1222 3585 1310 3652 dein-

274 3717 349 3783 ceps
378 3697 491 3779 quibus
520 3694 695 3779 disciplinis
729 3700 761 3758 et
789 3713 810 3756 a
840 3692 953 3775 quibus
983 3691 1024 3758 sit
1053 3689 1208 3774 eruditus3
1241 3696 1309 3755 tum

274 3800 314 3866 de
336 3800 474 3866 moribus
502 3798 685 3883 ingeniique
707 3797 919 3878 facultatibus,
947 3801 979 3860 et
1008 3794 1035 3861 si
1065 3814 1128 3876 qua
1157 3793 1310 3859 memoria
