2934 4192
275 158 316 222 36
679 174 713 226 x.
732 173 826 227 ulcu.
847 177 869 230 1.
889 177 913 228 a.

241 352 408 431 anuptum
431 345 527 427 dedit,
550 347 691 426 alteram,
707 346 835 427 Areten,
860 347 962 409 Dioni.
997 348 1080 410 Dion
1095 355 1201 411 autem
1224 366 1311 430 prae·

275 458 322 516 ter
333 469 519 534 generosam
531 449 796 533 propinquitatem
809 448 1009 530 nobilemque
1025 449 1177 513 maiorum
1193 450 1311 514 famam

274 555 374 617 multa
394 552 458 616 alia
477 553 517 616 ab
537 558 650 617 natura
666 552 776 616 habuit
796 551 889 632 bona,
912 552 945 615 in
965 550 1015 616 bis
1030 552 1193 635 ingenium
1210 553 1310 618 docile

275 663 446 741 aptumque
460 654 503 719 ad
518 661 603 721 artes
622 656 767 740 optimas,
791 675 940 738 magnam
962 655 1098 738 corporis
1114 655 1310 738 dignitatem,

275 780 356 843 quae
378 780 441 825 non
465 759 629 823 minimum
653 756 860 838 commendat,
889 777 1022 840 magnas
1044 765 1209 842 praeterea
1234 758 1310 823 divi-

276 863 336 928 tias
358 884 379 928 a
399 869 489 946 patre
514 863 647 942 relictas,
672 882 751 943 quas
772 862 840 946 ipse
863 862 991 945 tyranni
1014 862 1197 927 muneribus
1215 882 1311 926 auxe-

241 973 331 1034 3rat.
377 966 453 1031 Erat
479 966 608 1030 intimus
630 965 785 1047 Dionysio
812 965 907 1048 priori
929 984 1032 1045 neque
1059 965 1162 1031 minus
1183 972 1311 1050 propter

275 1091 377 1136 mores
405 1090 498 1153 quam
525 1069 723 1133 affinitatem.
769 1069 1001 1164 Namqueetsi
1027 1069 1174 1152 Dionysii
1205 1068 1310 1133 crude-

274 1174 346 1239 litas
374 1174 404 1238 ei
430 1172 627 1255 displicebat,
658 1177 764 1236 tamen
792 1172 913 1236 salvum
937 1191 1007 1235 esse
1028 1178 1156 1255 propter
1177 1173 1310 1237 necessi-

276 1276 431 1356 tudinem,
463 1276 566 1359 magis
593 1275 688 1340 etiarn
715 1295 841 1340 suorum
869 1294 963 1339 causa
990 1273 1145 1341 studebat,
1191 1274 1310 1339 Aderat

275 1381 307 1443 in
338 1379 462 1463 magnis
496 1379 604 1460 rebus,
639 1379 769 1460 eiusque
799 1377 928 1443 consilio
962 1379 1092 1443 multum
1126 1381 1310 1445 movebatur

275 1491 439 1567 tyrannus,
462 1483 523 1548 nisi
547 1503 609 1565 qua
631 1483 664 1546 in
686 1502 721 1547 re
743 1481 843 1546 maior
864 1481 964 1564 ipsius
987 1480 1142 1566 cupiditas
1165 1483 1310 1547 interces-

240 1593 367 1652 4serat.
413 1586 603 1668 Legationes
630 1605 705 1649 vero
732 1604 851 1666 omnes,
882 1605 963 1666 quae
991 1592 1097 1650 essent
1118 1586 1309 1664 illustriores,

277 1710 332 1774 per
346 1690 482 1754 Dionem
497 1688 811 1753 administrabantur:
836 1707 914 1770 quas
936 1687 1061 1770 quidem
1078 1689 1129 1752 ille
1145 1688 1310 1772 diligenter

277 1792 435 1873 obeundo,
468 1791 602 1856 fideliter
631 1790 879 1856 administrando
913 1791 1162 1856 crudelissimum
1194 1811 1310 1856 nomen

241 1921 257 1968 5
275 1897 403 1981 tyranni
431 1895 626 1960 humanitate
653 1894 801 1960 leniebat.
847 1895 940 1959 Hunc
962 1916 982 1958 a
1003 1895 1158 1978 Dionysio
1180 1895 1309 1959 missum

277 1999 553 2083 Carthaginienses
566 2005 784 2082 suspexerunt,
800 2004 835 2062 ut
850 1998 1008 2062 neminem
1023 2019 1172 2081 umquam
1188 1999 1311 2064 Graeca

238 2114 255 2167 2
275 2105 383 2187 lingua
404 2104 584 2183 loquentem
607 2103 708 2185 magis
731 2101 969 2166 admirarentur.
1005 2102 1117 2183 Neque
1140 2121 1214 2166 vero
1230 2102 1309 2167 haec

275 2207 465 2290 Dionysium
487 2205 665 2289 fugiebant:
689 2226 763 2269 nam
787 2211 903 2287 quanto
926 2212 1010 2270 esset
1032 2205 1093 2270 sibi
1115 2212 1308 2287 ornamento,

276 2309 441 2375 sentiebat.
488 2308 557 2385 Quo
586 2308 695 2390 fiebat,
725 2315 760 2372 ut
788 2309 842 2372 uni
868 2308 942 2372 huic
968 2309 1106 2373 maxime
1132 2307 1310 2391 indulgeret

242 2430 379 2496 tneque
402 2432 473 2477 eum
496 2431 587 2478 secus
609 2411 753 2496 diligeret
779 2432 817 2476 ao
843 2411 956 2496 filium3
991 2412 1044 2494 qui
1071 2411 1207 2494 quidem,
1238 2432 1309 2476 oum

275 2517 439 2582 Platonem
461 2518 632 2581 Tarentum
660 2515 785 2580 venisse
808 2515 893 2579 fama
919 2517 951 2579 in
976 2515 1113 2581 Siciliam
1137 2521 1220 2578 esset
1241 2535 1309 2598 per-

274 2621 349 2700 lata,
372 2619 568 2685 adulescenti
582 2639 700 2703 negare
719 2640 782 2683 non
805 2619 913 2703 potuit,
939 2619 1013 2700 quin
1037 2637 1108 2683 eum
1126 2626 1309 2699 arcesseret,

276 2743 348 2789 cum
362 2723 445 2788 Dion
469 2723 535 2787 eius
557 2721 708 2787 audiendi
731 2721 910 2806 eupiditate¹
924 2720 1081 2804 flagraret.
1115 2721 1212 2786 Dedit
1234 2742 1310 2805 ergo

276 2826 402 2891 veniam
433 2845 611 2909 magnaque
641 2845 712 2889 eum
742 2826 913 2889 ambitione
944 2826 1118 2908 Syracusas
1150 2825 1308 2908 perduxit.

121 2948 224 2992 naraon.
244 2944 260 2992 3
279 2927 380 3005 Quem
402 2928 485 2993 Dion
511 2928 592 2993 adeo
617 2927 790 2992 admiratus
818 2935 865 2993 cst
887 2936 982 3009 atque
1009 2927 1183 3009 adamavit,
1214 2934 1249 2992 ut
1275 2948 1310 2992 se

277 3034 306 3098 ei
328 3039 428 3097 totum
446 3031 592 3119 traderet.
627 3032 739 3113 Neque
759 3051 834 3096 vero
856 3031 960 3096 minus
982 3032 1051 3115 ipse
1066 3031 1155 3095 Plato
1178 3030 1310 3095 delecta·

242 3142 327 3201 etus
357 3141 405 3201 cst
434 3136 545 3200 Dione.
592 3135 722 3199 Interim
752 3135 785 3198 in
815 3136 957 3200 morbum
987 3133 1097 3199 incidit
1126 3133 1308 3217 Dionysius.

278 3238 346 3317 Quo
369 3258 440 3302 oum
462 3239 552 3321 gravi
575 3237 814 3319 conflictaretnr,
842 3239 997 3321 quaesivit
1023 3259 1043 3302 a
1064 3235 1195 3302 medicis
1216 3237 1309 3318 Dion,

278 3341 542 3426 quemadmodum
557 3361 591 3406 se
605 3341 746 3423 haberet,
771 3342 925 3423 simulque
944 3342 1047 3407 abeis
1066 3341 1165 3424 petiit,
1189 3340 1217 3404 si
1230 3340 1311 3404 forte

278 3446 394 3511 maiore
418 3439 502 3510 es'set
522 3445 555 3509 in
582 3445 729 3528 periculo,
760 3451 795 3509 nt
821 3445 882 3510 sibi
908 3445 1098 3510 faterentur:
1128 3464 1203 3507 nam
1229 3443 1311 3508 velle

278 3569 312 3616 se
342 3569 412 3613 cum
442 3569 479 3614 co
510 3547 643 3630 colloqui
673 3547 713 3613 de
742 3548 908 3633 partiendo
938 3568 1050 3632 regno,
1087 3546 1169 3629 quod
1198 3544 1311 3611 sororis

278 3671 354 3718 suae
385 3651 464 3716 filios
499 3672 541 3716 ex
572 3651 627 3716 illo
658 3657 749 3717 natos
778 3659 899 3735 partem
930 3650 1045 3716 debere
1075 3651 1164 3733 regni
1193 3648 1311 3714 habere

246 3767 261 3814 5
279 3758 419 3841 putabat.
457 3755 492 3819 ld
512 3754 625 3820 medici
641 3775 704 3820 non
720 3761 884 3820 tacuerunt
900 3761 931 3819 et
949 3753 991 3818 ad
1005 3753 1194 3837 Dionysium
1212 3751 1311 3816 tilium
