2934 4192
525 195 588 252 vn.
607 193 843 249 Anornrsnns
862 198 886 251 s.
901 197 941 250 10.
1205 175 1246 237 29

219 368 426 435 conveniendi
448 369 612 434 habuisset
632 374 829 452 potestatem.
867 368 949 431 Nam
974 366 1091 448 Cyrum
1118 365 1247 429 fratrem

218 474 248 538 ei
270 474 386 537 bellum
410 473 489 548 clam
512 492 623 556 parare
646 470 903 536 Lacedaemoniis
925 468 1149 533 adiuvantibus
1172 468 1247 532 scie-

218 577 291 641 bat:
332 574 366 639 id
399 577 425 642 si
458 575 646 660 aperuisset,
680 595 829 658 magnam
863 593 897 638 se
930 574 1079 637 initurum
1112 571 1247 656 gratiam

219 679 354 744 videbat.

319 784 388 848 Hoc
411 802 481 847 cnm
503 783 662 848 moliretur
683 787 866 867 peteretque
881 802 901 845 a
916 780 1129 862 Pharnabazo,
1151 787 1187 845 ut
1204 780 1245 844 ad
1264 791 1298 844 10

218 906 324 970 regem
355 886 537 968 mitteretur,
570 886 680 951 eodem
710 892 850 970 tempore
877 885 990 950 Critias
1017 884 1174 965 ceterique
1201 889 1248 966 ty-

219 991 309 1055 ranni
338 990 578 1054 Atheniensium
613 996 714 1054 certos
744 987 886 1053 homines
914 987 956 1051 ad
985 986 1185 1071 Lysandrum
1213 988 1247 1051 in

218 1095 326 1159 Asiam
353 1094 514 1174 miserunt,
542 1092 596 1175 qni
623 1112 694 1156 eum
722 1092 884 1156 certiorem
907 1092 1056 1172 facerent,
1083 1091 1144 1156 nisi
1166 1091 1247 1156 Alci·

217 1197 344 1262 biadem
371 1197 555 1276 sustulisset,
583 1195 661 1260 nihil
688 1215 795 1260 earum
816 1215 919 1260 rerum
941 1196 1008 1260 fore
1029 1201 1141 1276 ratum,
1169 1215 1247 1277 quas

218 1301 287 1385 ipse
308 1300 442 1366 Athenis
469 1300 697 1384 constituisset;
729 1318 834 1380 quare,
862 1299 888 1364 si
915 1319 1004 1364 snam
1030 1299 1075 1363 rei
1101 1299 1246 1384 publicae

217 1405 370 1470 rationem
396 1423 524 1469 manere
550 1403 654 1485 vellet,
682 1403 769 1467 illum
791 1409 1037 1487 persequeretur.
1083 1403 1141 1469 His
1162 1404 1279 1469 Lacon

218 1510 311 1574 rebus
345 1514 517 1574 commotus
547 1508 656 1573 statuit
688 1507 865 1572 accuratius
897 1507 957 1571 sibi
986 1507 1145 1591 agendum
1175 1527 1246 1572 cum

217 1611 432 1676 Pharnabazo.
477 1611 658 1675 Amicitiam
685 1631 759 1694 ergo
785 1610 954 1691 renuntiat,
982 1630 1062 1693 quae
1084 1611 1152 1695 regi
1175 1632 1246 1676 cum

219 1714 476 1779 Lacedaemoniis
493 1719 584 1795 esset,
605 1714 666 1778 nisi
681 1713 878 1778 Alcibiadem
893 1713 1070 1778 autricum
1092 1721 1147 1778 aut
1168 1736 1246 1780 mor-

219 1824 306 1881 tuum
321 1817 381 1882 sibi
396 1818 586 1884 tradidisset.
614 1818 722 1882 Noluit
737 1817 796 1883 hoc
811 1823 952 1902 satrapes
972 1823 1004 1882 et
1017 1818 1135 1883 violare
1150 1818 1244 1884 fidem
1264 1844 1278 1890 3

219 1919 324 1984 (1313111
346 1940 440 2002 quam
462 1922 546 2005 regis
561 1941 636 2007 opes
656 1921 755 1986 minui
777 1921 896 1986 maluit.
928 1922 1039 2003 Itaque
1055 1922 1139 1986 misit
1154 1922 1246 1988 Susa-

218 2023 363 2088 mithrem
387 2031 418 2089 et
431 2026 594 2110 Bagaeum
615 2024 657 2089 ad
672 2024 868 2090 Alcibiadem
890 2024 1151 2108 interficiendum,
1175 2046 1245 2091 cum

217 2128 269 2192 ille
286 2134 369 2194 esset
382 2128 415 2193 in
431 2129 572 2213 Phrygia
586 2129 708 2211 iterque
730 2128 772 2193 ad
794 2149 901 2212 regem
924 2135 1127 2213 compararet.
1157 2129 1245 2196 Missi
1263 2154 1278 2200 4

218 2232 297 2296 clam
323 2231 488 2313 vicinitati,
515 2233 549 2296 in
577 2253 639 2314 qua
661 2239 727 2297 tum
748 2232 929 2298 Alcibiades
953 2239 1028 2314 erat,
1056 2232 1133 2297 dant
1154 2253 1247 2317 nego-

217 2335 304 2416 tium,
334 2341 369 2399 nt
399 2355 469 2401 eum
498 2335 696 2400 interficiant.
742 2336 791 2399 Illi
821 2355 892 2400 cum
918 2335 1000 2400 ferro
1026 2336 1157 2419 aggredi
1183 2357 1245 2402 non

217 2437 379 2519 auderent,
409 2444 504 2503 noctu
533 2439 621 2521 ligna
642 2439 841 2503 contulerunt
871 2438 954 2503 circa
983 2459 1098 2520 casam,
1127 2440 1247 2521 inqua

217 2541 408 2623 quiescebat,
436 2561 536 2623 eaque
558 2540 796 2623 succenderunt,
823 2548 858 2606 ut
879 2541 1025 2606 incendio
1048 2541 1245 2627 conficerent,

218 2664 311 2726 quem
332 2665 428 2710 manu
451 2646 590 2730 superari
617 2665 709 2729 posse
739 2645 935 2710 diffidebant.
980 2646 1037 2709 ifle
1066 2651 1181 2726 autem,
1212 2652 1279 2714 ute

218 2747 320 2812 sonitu
351 2746 496 2814 flammae
530 2755 578 2814 est
607 2749 772 2830 excitatus,
803 2749 863 2814 etsi
892 2747 1015 2831 gladius
1038 2748 1067 2813 ei
1090 2755 1157 2813 erat
1178 2751 1247 2814 snb·

218 2849 339 2933 ductus,
367 2850 530 2916 familiaris
558 2853 607 2918 sui
633 2851 777 2916 subalare
799 2852 896 2916 telum
918 2851 1057 2936 arripuit.
1102 2854 1247 2936 Namque

218 2961 285 3019 erat
307 2973 378 3018 cum
402 2974 438 3019 eo
466 2954 593 3037 quidam
621 2976 662 3021 ex
684 2955 820 3020 Arcadia
846 2955 971 3040 hospes,
999 2956 1051 3038 qui
1077 2977 1247 3039 numquam

217 3055 379 3122 discedere
401 3057 442 3122 ab
466 3077 502 3123 eo
528 3059 678 3123 voluerat.
724 3059 816 3123 Hunc
846 3059 936 3141 sequi
965 3079 999 3124 se
1028 3060 1116 3124 iubet
1145 3067 1176 3125 et
1205 3059 1246 3140 id,

217 3159 301 3241 quod
323 3160 355 3224 in
378 3162 558 3244 praesentia
579 3161 835 3226 vestimentorum
858 3168 933 3242 erat,
958 3162 1091 3246 corripit.
1133 3163 1192 3228 His
1213 3163 1246 3227 in

217 3263 324 3346 ignem
348 3265 497 3331 coniectis
518 3264 664 3329 flammae
686 3265 751 3330 vim
774 3265 906 3329 transiit.
942 3264 1043 3341 Quem
1065 3273 1100 3331 nt
1120 3266 1280 3333 barbaric

217 3366 398 3432 incendium
421 3369 570 3453 effugisse
591 3367 748 3449 viderunt,
778 3369 848 3433 telis
879 3369 1001 3433 eminus
1026 3369 1131 3435 missis
1155 3370 1248 3434 inter-

216 3469 360 3535 fecerunt
382 3477 538 3556 caputque
561 3471 691 3537 eiusad
713 3471 952 3536 Pharnabazum
974 3473 1166 3538 rettulerunt.
1205 3476 1248 3538 At

217 3574 344 3657 mulier,
379 3596 460 3657 quae
491 3596 561 3640 cum
592 3595 628 3640 eo
658 3576 766 3640 vivere
799 3581 981 3658 consuerat,
1015 3577 1158 3642 muliebri
1191 3599 1248 3644 sua

217 3684 306 3743 veste
340 3684 517 3744 contectum
549 3679 686 3744 aedificii
718 3678 865 3744 incendio
898 3686 1053 3744 mortuum
1086 3682 1246 3764 cremavit,

217 3780 299 3861 qnod
332 3780 375 3845 ad
408 3782 515 3846 vivum
548 3779 790 3863 interimendum
825 3788 891 3844 erat
925 3789 1145 3862 comparatum.
1196 3784 1248 3849 sic
