2890 4196
258 153 317 218 102
592 170 683 226 XXV.
702 171 872 228 A'rTICUS.
891 175 915 229 8.
930 177 954 230 9.
985 206 987 210 -

220 359 237 412 8
359 343 507 410 Secutum
539 349 587 408 est
619 343 704 408 aliud
734 345 835 411 occiso
858 345 1004 412 Caesare.
1050 348 1129 415 (lum
1156 369 1208 414 res
1235 371 1293 434 pu-

257 447 337 512 blica
359 466 458 530 penes
473 447 587 512 Brutos
609 466 679 512 esse
699 453 730 512 et
746 448 889 514 Cassium
912 469 951 514 ac
973 455 1039 515 tota
1061 451 1173 517 civitas
1196 471 1230 517 se
1246 452 1289 517 ad

222 550 525 615 aeos'convertisse
543 547 713 631 videretur,
736 550 782 616 sic
796 551 837 616 M.
854 552 950 616 Bruto
966 571 1041 618 usus
1064 560 1121 636 est,
1144 561 1179 619 ut
1201 555 1289 620 nullo
1335 573 1338 578 “

255 653 307 718 ille
330 652 515 718 adulescens
535 654 658 734 aequali
676 653 859 719 familiarius
876 675 969 736 quarn
992 655 1053 721 hoc
1074 677 1161 740 sene,
1184 678 1290 741 neque

255 757 354 822 solum
367 777 438 821 eum
447 757 620 841 principem
630 758 752 822 consilii
763 757 903 839 baberet,
917 758 973 823 sed
982 760 1077 823 etiam
1086 761 1119 825 in
1132 761 1288 826 convictu.

221 869 236 916 3
256 861 476 945 Excogitatum
501 867 548 926 est
563 880 584 924 a
599 852 796 942 quibusdam,
819 866 854 924 ut
868 861 1025 945 privatum
1041 863 1195 928 aerarium
1213 864 1291 930 an-

256 965 333 1030 saris
354 963 608 1030 interfectoribus
630 964 671 1028 ab
695 963 851 1046 equitibus
866 965 1017 1029 Romanis
1038 966 1291 1032 constitueretur.

255 1067 292 1131 ld
315 1067 408 1131 facile
440 1066 522 1131 effici
552 1086 646 1150 posse
675 1067 818 1130 arbitrati
848 1072 930 1148 sunt,
962 1068 989 1132 si
1012 1069 1106 1132 etiarn
1129 1069 1292 1154 principes

256 1171 322 1234 eius
345 1169 462 1234 ordinis
485 1171 635 1252 pecunias
658 1157 878 1234 eontulissent?
906 1170 1018 1252 Itaque
1041 1171 1218 1256 appellatus
1241 1179 1293 1238 est

255 1293 274 1336 a
298 1272 331 1338 (l.
349 1272 468 1352 Flavio,
492 1273 581 1336 Bruti
604 1272 760 1353 familiari,
784 1272 916 1353 Atticus,
940 1279 975 1336 ut
998 1273 1065 1338 eius
1080 1275 1126 1338 rei
1141 1275 1291 1359 princeps

221 1382 324 1439 lesse
351 1375 454 1438 vellet.
500 1375 542 1439 At
567 1375 629 1457 ille,
660 1375 713 1457 qui
740 1374 845 1440 officia
870 1375 981 1440 amicis
1006 1375 1198 1459 praestanda
1219 1377 1292 1442 sine

256 1477 391 1541 faotione
414 1477 609 1542 existimaret
631 1497 817 1562 semperque
838 1497 858 1543 a
880 1478 999 1542 talibus·
1018 1497 1052 1542 se
1080 1479 1218 1544 consiliis
1244 1500 1293 1544 re-

256 1580 414 1661 movisset,
436 1579 611 1665 respondit:
642 1581 669 1646 si
700 1580 775 1663 quid
797 1581 913 1647 Brutus
935 1580 976 1646 de
998 1581 1063 1646 suis
1086 1582 1292 1648 facultatibus
1415 1657 1416 1664 p

256 1683 301 1747 uti
323 1683 483 1764 voluisset,
506 1703 645 1764 usurum,
669 1690 820 1764 quantum
837 1703 894 1748 eae
908 1690 1104 1769 paterentur;
1129 1699 1163 1750 se
1185 1704 1291 1767 neque

257 1807 325 1851 cum
354 1806 512 1869 quoquam
539 1785 579 1852 de
611 1807 649 1851 ea
677 1806 711 1851 re
741 1788 962 1852 collocuturum
992 1806 1096 1870 neque
1126 1788 1290 1854 coiturum.

257 1890 310 1955 Sic
331 1889 382 1954 ille
406 1889 622 1955 consensionis
644 1889 756 1972 globus
778 1888 871 1954 huius
893 1890 987 1955 unius
1009 1889 1207 1956 dissensione
1229 1890 1294 1957 dis-

223 1994 362 2058 oiectus
379 1998 435 2058 est.
466 1993 578 2075 Neque
600 1992 698 2057 multo
720 1998 790 2076 post
813 1991 953 2076 superior
976 2013 1045 2058 esse
1068 1994 1172 2078 coepit
1194 1994 1293 2060 Anto

199 2105 201 2113 ’
258 2096 337 2176 nius,
367 2096 412 2160 ita
441 2101 476 2161 ut
497 2097 613 2161 Brutus
643 2102 674 2160 et
702 2096 830 2161 Cassius
859 2095 1100 2179 provinciarum,
1132 2117 1213 2178 quae
1244 2098 1295 2163 eis

156 2253 159 2266 .
257 2198 336 2264 dicis
358 2218 454 2264 causa
475 2198 569 2264 datae
592 2205 692 2280 erant,
715 2199 830 2264 omissa
853 2219 927 2264 cura
949 2197 1125 2283 desperatis
1147 2202 1242 2266 rebus
1256 2201 1294 2266 in

225 2302 387 2367 senilium
417 2302 695 2387 proficiscerentur.
752 2301 888 2382 Atticus,
921 2302 973 2384 qui
1002 2303 1170 2386 pecuniam
1198 2303 1294 2368 simul

259 2425 329 2470 cum
353 2406 464 2471 ceteris
488 2404 629 2471 conferre
654 2405 797 2470 noluerat
823 2404 947 2469 florenti
974 2405 1018 2469 illi
1046 2406 1137 2489 parti,
1166 2406 1294 2472 abiecto

258 2511 354 2575 Bruto
376 2510 530 2592 italiaque
558 2508 682 2573 cedenti
704 2509 758 2574 HS
782 2513 908 2573 centum
930 2508 1017 2572 milia
1045 2507 1167 2573 muneri
1194 2509 1294 2591 misit,

259 2613 362 2678 eidem
391 2614 424 2678 in
447 2613 542 2697 Epiro
572 2613 688 2677 absens
718 2617 860 2676 trecenta
888 2611 978 2676 iussit
1008 2610 1091 2676 dari:
1120 2632 1223 2695 neque
1255 2633 1295 2678 co

259 2717 360 2798 magis
383 2722 543 2799 potentem
559 2715 705 2780 adulatus
728 2720 777 2778 est
795 2713 967 2778 Antonium
984 2733 1086 2797 neque
1109 2714 1295 2798 desperatos

258 2819 392 2902 reliquit.

104 2943 194 2987 raam.
226 2927 244 2981 9
364 2923 512 2988 Secutum
536 2930 584 2987 est
605 2923 722 2987 bellum
744 2921 930 2986 Mutinense.
976 2921 1015 2985 In
1038 2940 1098 3003 quo
1121 2921 1295 2986 sitantum

260 3046 330 3090 eum
353 3024 539 3110 prudentem
558 3025 671 3105 dicam,
702 3025 806 3088 minus
830 3045 924 3106 quam
946 3022 1080 3088 debeam
1102 3021 1295 3107 praedicem,

260 3149 331 3192 curn
353 3129 405 3192 ille
428 3128 531 3212 potius
553 3127 680 3193 divinus
702 3127 806 3207 fuerit,
830 3128 857 3192 si
872 3126 1024 3191 divinatio
1039 3125 1230 3210 appellanda
1246 3137 1297 3191 est

260 3239 412 3316 perpetua
433 3232 585 3296 naturalis
607 3230 741 3312 bonitas,
771 3249 852 3312 quae
873 3229 967 3294 nullis
990 3229 1116 3294 casibus
1138 3229 1297 3312 frangitur

227 3342 243 3390 2
261 3354 364 3418 neque
386 3334 545 3400 minuitur.
569 3335 677 3400 Hostis
691 3334 848 3398 Antonius
863 3331 1018 3398 iudicatus
1033 3333 1126 3398 Italia
1141 3339 1295 3418 cesserat3

261 3457 334 3523 spes
355 3437 541 3503 restituendi
563 3438 650 3502 nulla
673 3444 747 3501 erat.
782 3437 855 3502 Non
878 3436 977 3501 solum
998 3434 1127 3515 inimici,
1152 3435 1206 3516 qui
1227 3441 1298 3501 tum

262 3548 351 3606 erant
372 3541 581 3626 potentissimi
604 3547 636 3606 et
657 3539 792 3624 plurimi,
816 3539 874 3604 sed
896 3539 1000 3619 etiam,
1030 3539 1083 3620 qui
1105 3536 1299 3604 adversariis

263 3645 329 3710 eius
350 3663 467 3710 venum
489 3665 524 3710 se
546 3644 667 3710 dabant
687 3651 719 3709 et
740 3644 774 3709 in
794 3663 831 3708 eo
852 3641 1008 3707 laedendo
1030 3642 1167 3723 aliquam
1190 3659 1300 3706 conse·

263 3755 387 3814 outuros
409 3748 581 3832 sperabant
608 3746 870 3814 commoditatem.
899 3745 1028 3811 Antonii
1055 3743 1225 3810 familiares
1252 3744 1300 3808 in-
