2890 4196
453 239 518 294 xx.
536 240 727 295 rrnouuou.
749 244 771 297 1.
784 245 808 297 2.
822 246 846 298 a.
1128 227 1167 288 81

135 418 229 494 atque
260 431 299 477 ex
330 413 523 495 ingratorum
554 412 715 478 hominum
751 421 920 498 conspectu
950 422 1049 480 morte
1080 415 1169 480 dece-

134 515 208 580 dere
231 517 334 580 vellet.

236 621 366 684 Interim
382 621 484 685 Dione
500 622 665 704 Syracusis
687 622 853 687 interfecto
869 623 1041 706 Dionysius
1061 642 1168 688 rursus
1186 637 1204 690 2

132 743 230 805 regno
260 724 379 807 potitus
409 730 465 787 est.
513 724 609 789 Cuius
636 723 809 789 adversarii
837 744 929 808 opem
956 745 976 788 a
1000 725 1169 791 Corinthiis
1222 755 1316 812 rreum

131 827 290 909 petierunt
312 825 496 907 ducemque,
520 845 581 908 quo
603 826 635 890 iu
664 827 746 892 bello
769 834 939 908 uterentur,
963 828 1167 911 postularunt.

130 927 295 992 Timoleon
318 948 355 992 eo
377 929 491 994 missus
514 928 691 995 incredibili
714 930 864 995 felicitate
886 930 1076 1013 Dionysium
1104 938 1169 996 tota

129 1033 240 1098 Sicilia
274 1031 401 1115 depulit.
449 1031 550 1107 Quem
584 1053 655 1098 cum
688 1032 864 1098 interficere
900 1040 1021 1118 posset,
1060 1035 1202 1116 noluit,2

129 1144 262 1217 tutoque
284 1143 319 1199 ut
339 1135 523 1201 Corinthum
545 1135 734 1219 perveniret,
758 1136 872 1217 effecit,
897 1136 981 1218 quod
1003 1137 1168 1220 Dionysio·
1220 1162 1325 1206 uruca

129 1259 200 1304 rum
216 1238 329 1322 opibus
345 1237 497 1303 Corinthii
517 1257 613 1322 saepe
634 1237 735 1303 adiuti
757 1237 892 1319 fuerant,
916 1238 1004 1304 cuius
1027 1240 1168 1323 benigni-

129 1344 205 1408 tatis
221 1342 405 1406 memoriam
420 1341 548 1406 volebat
563 1348 698 1422 exstare,
716 1361 849 1424 eamque
865 1342 1059 1426 praeclaram
1074 1343 1168 1407 victo·

129 1447 211 1512 riam
235 1444 381 1526 ducebat,
404 1445 437 1510 in
460 1465 523 1526 qua
545 1445 615 1529 plus
638 1451 722 1510 esset
744 1445 931 1510 clementiae
952 1466 1046 1527 quam
1062 1445 1167 1510 crude-

130 1551 240 1631 litatis,
268 1556 426 1634 postremo
453 1557 573 1614 utnon
596 1549 695 1614 solum
722 1550 851 1615 auribus
878 1550 1082 1633 acciperetur,
1111 1549 1167 1615 sed

129 1654 228 1718 etiam
255 1652 354 1718 oculis
376 1658 564 1733 cerneretur,
588 1672 682 1734 quem
705 1672 746 1717 ex
770 1659 886 1734 quanto
902 1673 999 1736 regno
1015 1652 1056 1716 ad
1073 1673 1167 1735 quam

129 1756 290 1822 fortunam
317 1753 509 1820 detrusisset.
556 1756 630 1820 Post
657 1755 803 1838 Dionysii
831 1755 994 1821 decessum
1022 1776 1092 1820 cum
1115 1757 1201 1820 Hie

132 1866 204 1924 ceta
231 1859 371 1939 bellavit,
398 1859 452 1941 qui
478 1858 666 1924 adversatus
694 1864 760 1922 erat
782 1857 951 1944 Dionysio,
984 1878 1077 1940 quem
1104 1877 1166 1922 non

132 1963 205 2027 odio
233 1958 421 2043 tyrannidis,
452 1961 509 2026 sed
536 1960 707 2044 cupiditate
738 1959 924 2026 dissensisse
954 1961 1070 2026 indicio
1098 1961 1166 2042 luit,

131 2063 217 2148 quod
244 2064 312 2148 ipse
341 2064 472 2147 expulso
494 2063 650 2146 Dionysio
676 2063 842 2147 imperium
869 2062 1027 2130 dimittere
1058 2063 1165 2128 noluit.

130 2169 201 2233 Hoc
221 2172 367 2250 superato
382 2165 544 2231 Timoleon
559 2167 715 2230 maximas
735 2168 841 2251 copias
858 2167 1164 2251 Carthaginiensium
1183 2183 1201 2231 4
1219 2187 1324 2230 arcer.

128 2271 218 2355 ¹apud
242 2269 414 2337 Crinissum
436 2269 553 2334 flumen
569 2269 693 2352 fugavit
707 2291 745 2334 ac
767 2271 844 2336 satis
866 2271 983 2336 habere
1005 2271 1117 2354 eoe'git,
1140 2271 1167 2336 si

134 2377 240 2438 liceret
263 2379 385 2457 partem
408 2372 533 2438 Siciliae
556 2371 750 2437 exadversus
772 2373 912 2438 Africam
935 2374 1085 2455 obtinere,
1114 2374 1167 2456 qui

129 2476 309 2561 complures
339 2496 439 2540 annos
461 2476 691 2559 possessionem
714 2477 809 2540 totius
830 2475 896 2541 fere
919 2476 1040 2541 insulae
1062 2483 1167 2541 tenue-

129 2586 213 2644 rant
242 2580 334 2664 Cepit
356 2579 451 2645 etiam
473 2579 674 2658 Mamercum,
699 2579 841 2643 Italicum
864 2579 986 2659 ducem,
1010 2578 1167 2644 hominem

134 2684 315 2762 bellicosum
340 2690 370 2747 et
392 2688 563 2766 potentem,
588 2681 641 2762 qui
664 2687 816 2764 tyrannos
835 2681 977 2746 adiutum
994 2702 1064 2746 cum
1080 2702 1168 2748 exer·

129 2786 198 2850 citu
220 2786 251 2848 in
275 2785 414 2851 Siciliam
436 2790 575 2850 venerat.
702 2791 705 2796 ’

238 2887 358 2970 Quibus
385 2889 479 2953 rebus
506 2886 659 2953 confectis
686 2907 757 2951 cum
780 2893 906 2971 propter
928 2885 1201 2963 diuturnitatems

134 2993 208 3055 hclli
231 3012 294 3056 nou
317 2991 416 3056 solum
439 3011 542 3074 agros,
566 2990 622 3055 sed
645 2990 739 3054 etiam
762 2990 855 3055 urbes
877 2988 1019 3054 desertas
1034 2990 1165 3071 videret,

133 3095 324 3176 conquisivit
352 3114 429 3176 quos
455 3094 565 3178 potuit,
594 3094 729 3177 primum
751 3093 886 3173 Siculos,
916 3092 990 3158 dein
1018 3093 1166 3159 Corintho

136 3197 299 3262 arcessivit
323 3198 456 3276 colonos,
481 3196 564 3278 qnod
587 3196 672 3259 illinc
695 3195 784 3260 initio
799 3189 1081 3277 Syracusae'erant
1097 3216 1166 3260 con·

133 3299 227 3364 ditae.
261 3300 392 3365 Civibus
407 3299 567 3364 veteribus
590 3319 647 3363 sua
669 3298 814 3378 restituit,
838 3298 928 3363 novis
951 3299 1033 3363 hello
1055 3318 1199 3372 vacue-2

134 3401 234 3468 factas
256 3404 469 3487 possessiones
492 3402 613 3487 divisit3
636 3402 760 3466 urbium
783 3402 907 3466 moenia
929 3401 1061 3466 disiecta
1081 3402 1166 3467 fana-

134 3526 195 3587 que
232 3505 360 3571 deserta
403 3505 526 3590 refecit3
573 3504 753 3570 civitatibus
797 3506 883 3589 leges
927 3506 1166 3588 libertatemque

135 3607 284 3673 reddidit:
321 3629 361 3673 ex
395 3609 534 3672 maximo
566 3607 649 3673 bello
683 3614 803 3672 tantum
839 3608 935 3672 otium
969 3616 1034 3674 tota
1063 3610 1166 3674 insula

135 3712 321 3791 conciliavit,
350 3719 383 3775 ut
405 3711 456 3775 hic
480 3711 620 3777 conditor
642 3711 766 3777 urbium
795 3732 911 3793 earum,
939 3733 1002 3778 nen
1030 3713 1083 3793 illi,
1112 3713 1165 3795 qui

129 3816 223 3880 ¹initio
257 3815 464 3896 deduxerant,
498 3815 665 3879 videretur.
710 3816 823 3888 Arcem
859 3817 1032 3899 Syracusis,
1071 3836 1200 3898 quame

187 3927 435 3977 Corneliusilepus.
460 3925 496 3966 Ed.
507 3926 530 3966 A.
543 3923 647 3966 Weidner.
1098 3922 1114 3972 6
