2890 4196
272 235 331 298 100
583 249 673 304 XXV.
693 249 864 306 ATTICUS.
882 253 907 305 4.
921 255 944 306 5.
958 254 982 304 o.

233 446 249 492 3
370 423 432 487 Hic
454 422 629 506 complures
652 441 752 486 annos
774 427 922 502 moratus,
947 442 1018 486 cum
1041 429 1072 487 et
1091 423 1138 488 rei
1152 423 1301 488 familiari

268 534 390 592 tantum
421 545 535 609 operae
565 524 663 608 daret,
696 533 848 607 quantum
877 545 941 589 non
971 525 1142 609 indiligens
1171 526 1300 592 deberet

267 637 357 715 pater
379 629 525 709 familias,
549 635 580 693 et
603 628 708 693 omnia
730 629 851 710 reliqua
872 635 1014 713 tempora
1035 636 1090 693 aut
1112 629 1222 696 litteris
1245 637 1301 694 aut

268 733 508 798 Atheniensium
530 730 745 815 reipublicae
767 731 928 811 tribueret,
951 731 1048 795 nihilo
1071 732 1175 797 minus
1191 734 1302 798 amicis

233 838 389 904 aurbana
404 835 509 901 officia
524 835 689 919 praestitit.
723 835 807 898 Nam
831 834 926 899 etad
949 835 1075 899 comitia
1098 855 1203 900 eorum
1227 857 1302 901 ven-

268 941 381 1020 titavit,
411 938 491 1003 etsi
515 959 577 1020 qua
598 957 649 1002 res
671 937 770 1001 maior
791 943 863 1001 acta
886 943 942 1018 est,
971 957 1035 1001 non
1058 937 1167 1002 defuit.
1214 940 1301 1005 Sicut

269 1043 412 1108 Ciceroni
433 1043 466 1105 in
490 1042 634 1106 omnibus
654 1041 720 1106 eius
735 1041 882 1124 periculis
897 1041 1087 1124 singularem
1103 1041 1198 1106 fidem
1213 1065 1302 1128 prae·

267 1147 348 1229 buit;
373 1145 423 1209 cui
446 1166 486 1209 ex
510 1145 611 1228 patria
633 1142 767 1226 fugienti
783 1145 836 1208 Hs
859 1143 994 1208 ducenta
1018 1152 1049 1209 et
1071 1146 1301 1229 quinquaginta

234 1267 250 1314 5
268 1249 355 1312 milia
377 1247 516 1312 donavit.
548 1246 772 1329 Tranquillatis
793 1252 899 1310 autem
922 1247 1015 1311 rebus
1038 1248 1188 1314 Romanis
1210 1251 1300 1314 remi-

268 1351 372 1435 gravit
398 1351 540 1431 Romam,
568 1355 603 1413 ut
629 1350 747 1433 opinor,
774 1350 809 1414 L.
835 1350 926 1414 Cotta
948 1350 983 1414 L.
1007 1352 1164 1433 Torquato
1192 1372 1301 1418 consu-

124 1484 215 1526 erucn.
267 1454 359 1520 libus.
399 1452 500 1529 Quem
523 1450 737 1517 discedentem
760 1453 805 1516 sic
827 1453 976 1517 universa
998 1454 1109 1518 civitas
1130 1454 1301 1520 Athenien-

268 1559 350 1624 sium
372 1563 537 1642 prosecuta
559 1563 615 1637 est,
644 1562 678 1619 ut
705 1555 840 1620 lacrimis
867 1555 1015 1620 desiderii
1042 1555 1138 1620 futuri
1161 1557 1300 1623 dolorem

212 1681 213 1684 ’
268 1659 430 1726 indicaret.

232 1781 250 1834 o
371 1766 519 1829 Habebat
545 1764 735 1829 avunculum
758 1762 795 1839 Q.
821 1763 1000 1844 Caecilium,
1031 1765 1167 1846 equitem
1189 1766 1302 1830 Roma·

267 1891 353 1950 num,
377 1868 564 1932 familiarem
586 1868 622 1932 L.
646 1867 777 1947 Luculli,
800 1865 941 1948 divitem,
969 1866 1154 1931 difficillima
1176 1876 1299 1934 natura.

269 1974 365 2039 Cuius
386 1973 432 2039 sic
454 1973 657 2056 asperitatem
679 1971 798 2036 veritus
821 1977 878 2052 est,
905 1977 950 2051 ut,
979 1992 1071 2058 quem
1097 1992 1190 2036 nemo
1217 1973 1301 2039 ferre

267 2083 383 2161 posset,
414 2075 507 2140 huius
537 2077 605 2140 sine
635 2075 808 2139 offensione
840 2074 883 2138 ad
917 2094 1070 2139 summam
1104 2083 1301 2142 senectutem

268 2178 430 2244 retinuerit
445 2179 706 2243 benevolentiam.
732 2177 800 2253 Quo
824 2178 906 2242 facto
925 2179 996 2242 tulit
1011 2179 1137 2261 pietatis
1153 2181 1299 2244 fructum.

234 2306 250 2352 e
270 2282 424 2347 Caecilius
453 2282 536 2346 enim
564 2282 700 2347 moriens
722 2288 911 2346 testamento
934 2281 1096 2364 adoptavit
1119 2303 1190 2346 eum
1213 2283 1302 2346 here-

268 2386 402 2468 demque
431 2385 507 2450 fecit
538 2405 578 2448 ex
609 2384 775 2469 dodrantc3
806 2405 847 2449 ex
878 2397 940 2467 qua
970 2383 1145 2450 hereditate
1176 2388 1303 2469 aceepit

124 2513 215 2556 esaon.
234 2513 250 2560 a
269 2489 391 2554 circiter
421 2489 540 2553 centies
562 2489 625 2554 Hs.
669 2488 746 2552 Erat
774 2494 873 2571 nupta
903 2507 989 2552 soror
1017 2488 1114 2553 Attici
1137 2487 1174 2564 Q.
1197 2489 1302 2554 Tullio

268 2592 410 2659 Ciceroni
438 2612 554 2673 easque
575 2592 703 2675 nuptias
724 2592 765 2655 M.
788 2592 897 2656 Cicero
920 2591 1111 2672 conciliarat,
1142 2611 1213 2656 cum
1237 2613 1301 2674 quo

267 2716 288 2760 a
310 2695 557 2778 condiscipulatu
580 2695 709 2759 vivebat
732 2694 993 2773 coniunctissime,
1017 2695 1113 2758 multo
1137 2695 1232 2759 etiam
1255 2696 1302 2760 fa-

267 2798 417 2862 miliarius
446 2819 539 2880 quam
567 2818 638 2861 eum
665 2796 792 2877 Quinto,
825 2803 859 2860 ut
885 2797 1017 2861 iudicari
1043 2798 1142 2880 possit
1169 2798 1239 2881 plus
1266 2799 1300 2863 in

267 2901 406 2966 amicitia
434 2901 539 2965 valere
567 2898 804 2964 similitudinem
832 2920 952 2964 morum
983 2921 1078 2982 quam
1099 2899 1298 2966 affinitatem.

206 2995 208 3000 ’
233 3005 424 3076 uUtebatur
445 3009 551 3068 autem
573 3004 683 3067 intime
706 3001 743 3078 Q.
761 3004 936 3084 Hortensio,
961 3004 1014 3085 qui
1037 3004 1083 3067 eis
1106 3004 1299 3087 temporibus

269 3108 478 3192 principatum
495 3107 691 3188 eloquentiae
712 3107 852 3187 tenebat,
876 3113 911 3172 ut
931 3107 1073 3189 intellegi
1096 3127 1159 3171 non
1181 3116 1299 3192 posset,

269 3219 338 3277 uter
367 3231 438 3275 eum
468 3211 539 3293 plus
569 3208 723 3292 diligeret,
754 3210 863 3276 Cicero
896 3230 938 3274 an
965 3210 1160 3291 Hortensius,
1194 3217 1235 3290 et,
1265 3211 1302 3276 id

269 3313 353 3396 quod
380 3319 447 3378 erat
473 3311 701 3393 difficillimum,
731 3311 898 3393 efficiebat,
925 3319 969 3393 ut,
996 3314 1079 3378 inter
1105 3331 1183 3395 quos
1209 3320 1304 3381 tanta

267 3416 370 3482 laudis
385 3424 468 3482 esset
483 3416 659 3496 aemulatio,
682 3416 768 3480 nulla
783 3415 990 3481 intercederet
1006 3417 1189 3481 obtrectatio
1205 3427 1304 3483 esset-

269 3541 330 3603 que
351 3520 459 3583 talium
483 3520 619 3583 virorum
643 3519 762 3602 copula.

233 3643 252 3695 6
372 3625 410 3688 In
432 3643 466 3687 re
485 3622 612 3707 publiea
626 3623 671 3687 ita
686 3629 734 3688 est
748 3628 900 3702 versatus,
924 3629 958 3686 ut
973 3643 1097 3707 semper
1111 3624 1302 3707 optimarum

268 3728 403 3812 partium
431 3732 463 3790 et
489 3733 573 3791 esset
593 3732 624 3790 et
644 3726 883 3806 existimaretur,
906 3745 1010 3808 neque
1032 3733 1137 3792 tamen
1160 3747 1195 3793 se
1225 3728 1302 3794 civi-

268 3832 349 3898 libus
371 3829 519 3894 fluctibus
542 3830 757 3911 committeret,
789 3828 872 3911 quod
894 3850 957 3894 non
980 3831 1082 3915 magis
1105 3831 1213 3896 cosin
1240 3851 1303 3898 sua

237 4116 329 4150 Δ
