2934 4192
438 208 475 262 Il.
494 206 778 262 THEMISTOCLES.
798 211 821 264 3.
840 211 864 263 t.
883 213 908 265 5.
1167 193 1188 258 9

157 383 292 447 hostium
305 402 367 447 non
381 381 596 454 sustinuerunt
608 380 780 464 eodemque
792 381 859 448 loco
872 402 982 448 omnes
992 383 1186 448 interierunt.

156 488 199 551 At
214 487 322 551 classis
338 486 511 552 eommunis
527 485 678 551 Graeciae
693 491 903 551 trecentarum
919 487 1064 568 narium,
1077 487 1111 551 in
1127 507 1189 570 qua
1207 507 1222 555 e

157 590 312 655 ducentae
334 595 424 654 crant
446 589 696 671 Atheniensium,
722 589 858 674 primum
880 589 965 675 apud
987 591 1189 656 Artemisium

156 693 238 758 inter
253 693 414 781 Euboeam
434 693 711 776 continentemque
730 699 845 758 terram
866 713 937 758 eum
957 693 1124 760 classiariis
1144 715 1188 759 re

88 883 91 888 ,
156 797 217 882 giis
245 797 395 862 conflixit.
440 796 613 881 Angustias
641 796 726 862 enim
752 797 980 863 Themistocles
1007 799 1187 880 quaerebat,

157 922 197 966 ne
210 901 408 967 multitudine
420 901 556 966 hostium
569 900 791 966 circumiretur.
815 902 898 966 Hine
914 902 973 967 etsi
987 901 1056 987 pari
1070 901 1188 986 proelio
1207 920 1222 966 3

157 1005 377 1087 discesserunt,
405 1011 513 1070 tamen
540 1003 651 1071 eodem
677 1005 746 1071 loce
772 1025 836 1070 non
863 1011 938 1070 sunt
958 1005 1028 1071 ausi
1050 1025 1188 1086 manere,

157 1109 331 1191 quoderat
356 1109 539 1194 periculum,
566 1129 617 1191 ne,
645 1109 672 1174 si
694 1128 767 1193 pars
790 1109 918 1174 navium
939 1107 1189 1175 adversariorum

157 1212 317 1278 Euboeam
340 1218 530 1298 superasset,
553 1212 684 1297 ancipiti
705 1218 922 1297 premerentur
943 1211 1090 1296 periculo.
1119 1211 1222 1288 Quot

157 1315 274 1380 factum
303 1323 359 1398 est,
388 1323 423 1380 ut
448 1316 489 1380 ab
513 1316 681 1381 Artemisio
704 1311 904 1382 discederent
926 1321 958 1381 et
980 1315 1188 1380 exadversum

156 1417 299 1484 Athenas
320 1418 406 1504 apud
427 1419 589 1486 Salamina
611 1419 743 1484 classem
765 1438 854 1484 suam
877 1419 1110 1484 constituerent.
1144 1421 1187 1484 At
1207 1431 1223 1484 t

156 1524 282 1588 Xerxes
303 1522 524 1606 Thermopylis
552 1523 742 1607 expugnatis
769 1523 911 1606 protinus
937 1522 979 1587 ad
1005 1523 1114 1587 urbem
1141 1543 1189 1587 ac-

157 1627 251 1692 cessit
284 1647 417 1710 eamque
448 1627 541 1692 nullis
572 1625 817 1692 defendentibus
846 1626 1020 1692 interfectis
1049 1625 1189 1691 sacerdo-

157 1731 251 1811 tibus,
279 1751 355 1812 quos
382 1730 415 1794 in
443 1750 515 1795 aree
541 1729 717 1814 invenerat,
744 1728 890 1794 incendio
917 1729 1042 1794 delevit.
1094 1729 1222 1794 Culusa

158 1833 283 1898 flamma
302 1832 458 1918 perteniti
481 1833 632 1898 classiarii
655 1853 725 1898 eum
748 1853 876 1898 manere
899 1854 961 1898 nen
983 1833 1136 1897 auderent
1158 1839 1190 1896 et

158 1937 282 2022 plurimi
302 1937 509 2018 hortarentur,
532 1943 567 2001 ut
589 1936 698 2002 domos
713 1956 786 2002 suas
801 1935 1000 2002 discederent
1014 1935 1189 2002 moenibus·

158 2059 219 2123 que
241 2060 275 2105 se
298 2040 514 2122 defenderent,
537 2040 765 2107 Themistocles
787 2060 868 2106 unus
887 2041 1002 2105 restitit
1022 2047 1053 2104 et
1068 2040 1189 2104 univer-

158 2165 209 2209 ses
235 2163 327 2228 pares
354 2163 424 2210 esse
451 2165 543 2230 posse
572 2145 688 2226 aiebat,
719 2144 878 2228 dispersos
908 2146 1082 2210 testabatur
1111 2143 1189 2228 peri-

157 2254 252 2329 turos,
275 2247 371 2331 idque
390 2249 574 2333 Eurybiadi,
601 2246 922 2314 Lacedaemoniorum
945 2247 1027 2329 duci,
1048 2247 1107 2330 'qui
1123 2253 1189 2311 tum

158 2373 298 2416 summae
323 2350 446 2437 im'perii
473 2359 626 2437 praeerat,
653 2351 721 2418 fore
748 2347 943 2417 ostendebat.
990 2350 1091 2428 Quem
1118 2371 1222 2420 eume

157 2456 261 2520 minus
284 2475 378 2538 quam
400 2457 496 2534 vellet
518 2462 668 2538 moveret,
690 2460 786 2521 noctu
809 2455 849 2521 de
871 2455 971 2521 servis
993 2456 1067 2537 suis,
1095 2475 1188 2538 quem

157 2559 268 2624 habuit
289 2558 515 2641 fidelissimum,
545 2558 587 2623 ad
613 2579 721 2644 regern
754 2558 848 2641 misit,
875 2565 911 2623 ut
937 2559 967 2624 ei
993 2559 1057 2625 suis
1084 2560 1189 2624 verbis

158 2664 317 2728 nuntiaret
332 2662 528 2728 adversarios
551 2663 618 2728 eius
640 2663 674 2727 in
696 2662 773 2746 fuga
796 2683 890 2746 esset
906 2662 1009 2745 quisi
1031 2662 1221 2728 discessis-t

158 2773 238 2848 sent,
262 2765 378 2831 maiore
402 2785 472 2830 cum
493 2765 600 2831 labore
624 2771 656 2830 et
674 2765 893 2850 longinquiore
912 2771 1053 2850 tempore
1072 2767 1188 2832 bellom

158 2869 382 2950 confecturum,
406 2889 476 2934 eum
499 2869 640 2954 singulos
663 2871 836 2935 consectari
859 2876 1038 2956 cogeretur;
1062 2855 1188 2953 quossi

158 2975 265 3040 statim
287 2973 521 3057 aggrederetur,
548 2972 638 3040 brevi
660 2972 824 3040 universos
846 2993 1075 3059 oppressurum.
1121 2976 1189 3040 Hoc

158 3098 195 3143 eo
222 3077 358 3158 valebat,
387 3083 421 3141 ut
446 3076 538 3140 inviti
562 3076 674 3142 Graeci
700 3077 742 3141 ad
764 3075 988 3142 decertandum
1011 3098 1119 3144 omncs
1142 3099 1189 3143 ce-

157 3187 314 3267 gerentur.
350 3181 437 3245 vHae
466 3200 500 3246 re
526 3180 635 3244 audita
664 3181 825 3262 barbarus,
857 3181 936 3246 nihil
965 3181 1028 3248 doli
1058 3183 1221 3248 subesscs

157 3291 253 3367 ratus,
269 3283 419 3368 postridie
434 3283 624 3349 alienissimo
639 3284 710 3366 sibi,
734 3291 841 3349 centra
856 3285 1118 3369 opportunissimo
1137 3287 1189 3352 ho-

158 3390 258 3455 stibus
291 3388 371 3452 adee
406 3394 541 3471 angusto
570 3388 649 3454 mari
679 3388 831 3471 conflixit,
866 3396 900 3453 ut
930 3388 997 3454 eins
1023 3390 1188 3455 multitudo

157 3493 285 3558 navium
302 3491 453 3576 explicari
469 3511 532 3555 non
546 3496 661 3575 posset.
690 3491 800 3558 Victus
820 3513 895 3577 erge
915 3499 962 3559 est
977 3493 1078 3577 magis
1093 3494 1188 3558 etiam

159 3596 287 3664 consilio
302 3595 505 3660 Themistocli
521 3614 615 3677 qnam
634 3595 730 3660 armis
746 3595 907 3661 Graeciae.
937 3599 1007 3662 Rex
1030 3597 1089 3662 etsi
1104 3599 1184 3662 male
1204 3607 1221 3657 5

157 3721 224 3765 rem
249 3705 400 3784 gesserat,
428 3705 533 3764 tantas
556 3705 663 3764 tamen
685 3698 825 3764 habebat
847 3701 995 3783 reliquias
1018 3701 1186 3785 copiarum,

158 3808 192 3866 ut
219 3804 312 3866 etiarn
340 3809 406 3867 tum
434 3803 481 3868 eis
503 3802 679 3887 opprimere
700 3809 808 3879 posset
830 3803 944 3884 hostes.
990 3803 1054 3870 Sed
1075 3805 1186 3868 iterum
