2890 4196
467 151 559 206 xxv.
578 150 750 224 nrrrous.
770 154 795 207 c.
809 153 849 208 10.
1112 134 1174 199 103

14 377 28 405 ,.
140 326 366 409 sequebantur,
400 344 531 390 uxorem
561 323 707 388 Fulviam
739 322 886 388 omnibus
918 322 1013 388 rebus
1040 322 1175 407 spoliare

140 429 319 514 cupiebant,
349 428 465 494 liberos
488 427 584 492 edam
607 427 809 510 exstinguere
831 425 995 510 parabant.
1041 425 1173 505 Atticus,
1192 446 1209 494 a

4 515 22 599 ,r
70 615 73 624 ι
140 553 212 598 cum
234 530 395 600 Ciceronis
421 531 533 595 intima
555 529 769 594 familiaritate
791 535 940 610 uteretur,
967 528 1175 594 amicissimus

140 640 224 700 esset
250 635 358 715 Bruto,
385 653 449 698 non
476 632 569 720 modo
596 632 675 697 nihil
703 632 749 697 eis
775 631 906 696 indulsit
933 631 974 696 ad
1002 631 1175 696 Antonium

141 736 336 818 violandum,
373 736 430 802 sed
464 756 482 801 e
518 737 674 801 contrario
707 735 880 800 familiares
916 734 983 800 eius
1023 753 1064 799 ex
1097 737 1175 801 urbe

141 839 367 924 profugientes,
404 844 557 922 quantum
590 839 702 922 potuit,
738 837 830 919 texit,
863 837 977 921 quibus
1006 837 1101 902 rebus
1130 839 1175 903 in·

4 1002 18 1019 ,
140 943 295 1026 digerent‚
318 942 447 1007 adiuvit.
476 943 511 1007 P.
535 962 610 1007 vero
633 941 800 1007 Volumnio
823 961 861 1006 ea
883 941 1001 1022 tribuit,
1027 947 1063 1006 ut
1084 942 1209 1025 plural

139 1067 161 1110 a
189 1053 321 1130 parente
350 1045 505 1130 proficisci
534 1066 598 1110 nou
624 1050 763 1130 possent.
808 1043 874 1128 Ipsi
903 1050 1009 1108 autem
1032 1045 1173 1126 Fuluiae,

141 1169 212 1213 cum
238 1150 346 1215 litibus
369 1143 571 1214 distineretur
593 1148 781 1231 magnisque
802 1147 972 1213 terroribus
994 1154 1173 1229 vexaretur,

4 1313 14 1338 Ν
141 1258 230 1317 tanta
266 1251 432 1337 diligentia
469 1250 607 1316 officium
644 1271 735 1316 suum
771 1250 946 1335 praestitit,
983 1257 1018 1317 ut
1055 1251 1173 1316 nullum

4 1419 13 1436 .,
141 1354 196 1419 illa
225 1355 338 1420 stiterit
366 1354 581 1419 vadimonium
611 1354 680 1420 sine
702 1354 816 1419 Attico.
863 1352 1075 1434 Quinetiam,
1103 1371 1208 1419 cume

140 1457 195 1522 illa
229 1457 362 1523 fundum
395 1457 534 1524 secunda
568 1456 694 1522 fortuna
732 1455 860 1521 emisset
894 1456 927 1520 in
957 1455 1041 1521 diem
1071 1477 1174 1540 neque

141 1566 213 1643 post
250 1562 462 1625 calamitatem
500 1579 662 1626 versuram
699 1559 806 1626 facere
839 1560 1010 1644 potuisset,
1048 1560 1102 1624 ille
1139 1579 1174 1626 sc

142 1663 328 1746 interposuit
353 1664 583 1746 pecuniamque
613 1663 681 1728 sine
712 1663 841 1728 faenore
872 1662 1002 1744 sineque
1031 1663 1096 1727 ulla
1122 1663 1175 1728 sti·

142 1766 302 1849 pulatione
335 1763 476 1847 credidit,
504 1765 678 1830 maximum
701 1766 887 1830 existimans
917 1771 1082 1846 quaestum
1111 1785 1174 1831 me·

142 1879 259 1934 morem
293 1875 480 1953 gratumque
511 1869 656 1954 cognosci
688 1868 841 1950 simulque
870 1869 1016 1952 aperiens
1046 1889 1081 1934 sc
1109 1889 1173 1934 non

142 1971 301 2052 fortunae,
336 1972 393 2037 sed
427 1972 607 2037 hominibus
641 1972 741 2036 solere
775 1990 844 2037 esse
879 1972 1025 2036 amicum.
1084 1970 1207 2047 Quacc

142 2095 213 2140 cum
239 2075 387 2157 faciebat,
417 2097 510 2141 nemo
533 2096 605 2141 eum
627 2074 777 2159 temporis
800 2093 896 2140 causa
924 2074 1030 2140 facere
1051 2082 1174 2159 poterat

142 2178 333 2244 existimare.
386 2179 515 2244 Nemini
547 2177 630 2244 enim
660 2178 694 2242 in
725 2176 905 2261 opinionem
933 2177 1084 2243 veniebat
1112 2178 1175 2243 An-

142 2282 262 2346 tonium
292 2302 396 2347 rerum
421 2280 602 2365 potiturum.
653 2279 716 2346 Sed
747 2279 937 2346 dissentiens
966 2301 986 2345 a
1015 2281 1208 2347 nonnullisr

142 2385 344 2468 optimatibus
373 2383 673 2469 reprehendebatur,
705 2382 790 2466 quod
811 2403 922 2468 parum
950 2381 1053 2448 odisse
1075 2384 1175 2449 malos

143 2489 228 2554 cives
257 2488 425 2554 videretur.
463 2487 502 2552 Id
531 2487 585 2552 ille
606 2506 729 2570 negans
752 2505 822 2552 esse
853 2487 901 2552 sui
924 2485 1041 2567 iudicii,
1071 2487 1175 2569 potius

144 2590 219 2673 quid
242 2611 276 2657 se
298 2591 405 2656 facere
426 2611 485 2674 par
507 2595 591 2656 esset
617 2588 798 2655 intuebatur
821 2609 914 2671 quam
938 2587 1013 2671 quid
1035 2588 1089 2653 alii
1111 2589 1176 2654 lau-

142 2694 245 2759 daturi
270 2700 383 2760 essent.

246 2798 407 2862 Conversa
429 2796 533 2862 subito
554 2795 681 2861 fortuna
703 2802 759 2862 est.
784 2795 827 2861 Ut
849 2795 1004 2861 Antonius
1027 2796 1120 2861 rediit
1142 2797 1175 2861 in
1192 2807 1227 2860 10

143 2901 276 2982 ltaliam,
304 2920 397 2966 nemo
423 2920 487 2965 non
514 2918 630 2983 magno
657 2899 691 2963 in
718 2898 855 2983 periculo
878 2898 1017 2962 Atticum
1044 2902 1176 2983 putabat

143 3009 269 3088 propter
294 3003 438 3068 intimam
466 3001 712 3067 familiaritatem
736 3000 895 3067 Ciceronis
919 3007 950 3065 et
972 3003 1069 3066 Bruti.
1115 3004 1209 3068 Ita-a

143 3125 204 3190 que
225 3106 267 3171 ad
290 3106 461 3171 adventum
476 3106 699 3188 imperatorum
714 3102 755 3168 de
770 3104 836 3169 foro
851 3104 1038 3187 decesserat,
1061 3106 1176 3174 timens

142 3209 412 3293 proscriptionem,
440 3209 622 3291 latebatque
649 3208 734 3292 apud
760 3210 796 3273 P.
814 3209 1024 3291 Volumnium,
1053 3210 1113 3292 oui,
1142 3217 1177 3276 ut

143 3313 346 3394 ostendimus,
373 3314 467 3397 paulo
490 3319 565 3378 ante
587 3332 680 3397 opem
702 3312 816 3378 tulerat
843 3313 945 3396 (tanta
971 3314 1108 3380 varietas
1131 3315 1177 3380 eis

143 3417 335 3500 temporibus
357 3416 417 3481 fuit
436 3415 591 3501 fortunae,
615 3422 650 3482 ut
667 3415 761 3480 modo
776 3415 810 3479 hi
832 3415 924 3480 modo
939 3416 984 3481 illi
1006 3417 1039 3482 in
1055 3437 1177 3484 summo

143 3527 248 3586 esseut
274 3527 330 3586 aut
355 3519 483 3603 fastigio
509 3526 565 3584 aut
592 3517 754 3604 periculo),
785 3519 985 3603 habebatque
1008 3539 1114 3586 secum
1137 3521 1174 3598 Q.

143 3623 277 3688 Gellium
293 3624 425 3704 (lanum,
440 3623 604 3706 aequalem
621 3623 874 3704 simillimumque
889 3623 946 3688 sui.
970 3624 1038 3689 Hoc
1054 3644 1177 3707 quoque
1195 3640 1211 3688 c

143 3727 240 3792 Attici
263 3725 411 3792 bonitatis
436 3727 626 3810 exemplum,
650 3724 827 3810 quodcum
852 3746 899 3809 eo,
931 3745 1024 3810 quem
1045 3726 1177 3812 puerum
