2934 4192
459 169 838 224 murmuraremus
859 172 881 225 1.
893 173 919 226 a
1162 155 1202 218 31

177 343 270 409 biade
285 343 392 428 gessit,
414 342 467 406 ille
481 342 599 406 nullam
614 362 680 406 rem
696 343 764 406 sine
780 341 856 427 boc;
880 363 961 424 quae
983 344 1035 408 ille
1057 344 1205 410 universa

177 447 311 512 naturali
334 443 469 528 quodam
489 445 572 510 bono
586 445 664 509 lucri
678 444 763 510 fecit.
808 444 874 512 Sed
894 445 949 510 illa
971 451 1077 511 tamen
1098 448 1204 512 omnia
1225 469 1238 515 1

177 549 353 615 communia
374 548 613 633 imperatoribus
636 568 707 612 cum
729 549 880 614 militibus
903 555 934 614 et
960 549 1094 632 fortuna,
1122 551 1205 633 quod

176 654 209 718 in
230 654 341 738 proelii
364 671 516 717 concursu
539 653 606 717 abit
628 671 678 718 res
699 673 720 717 1
742 653 871 718 11111111
892 652 935 717 ad
949 654 1032 719 vires
1047 653 1205 718 virtutem-

176 777 236 839 que
258 756 475 841 pugnantium.
521 757 632 838 Itaque
657 755 726 821 iure
751 777 808 822 suo
833 757 985 821 nonnulla
1010 757 1051 821 ab
1072 757 1204 840 impera-

175 867 242 925 tore
263 860 363 940 miles,
386 858 520 944 plurima
541 878 617 925 vero
638 859 764 923 fortuna
785 858 926 924 vindicat
947 879 1104 944 saepeque
1125 859 1205 925 baec

175 964 245 1048 plus
272 963 409 1029 valuisse
436 983 530 1045 quam
557 962 645 1029 ducis
671 963 871 1047 prudentiam
897 983 973 1028 vere
994 969 1097 1046 potest
1118 984 1205 1047 prae-

175 1067 290 1132 dicare.
318 1067 435 1133 Contra
449 1066 526 1130 illud
540 1066 884 1151 magnificentissimum
906 1065 1024 1130 factum
1046 1066 1202 1151 proprium
1222 1087 1237 1134 5

176 1177 223 1235 est
244 1169 444 1252 Thrasybuli.
488 1170 572 1234 Nam
598 1190 669 1234 cum
695 1170 791 1234 XXX
819 1171 957 1253 tyranni,
987 1170 1157 1254 praepositi
1185 1191 1205 1234 a

175 1272 444 1354 Lacedaemoniis,
464 1274 614 1338 servitute
630 1293 796 1358 oppressas
811 1279 954 1338 tenorent
968 1272 1121 1354 Athenas,
1139 1275 1204 1357 plu-

176 1379 271 1443 rimos
299 1377 394 1457 cives,
423 1377 536 1460 quibus
558 1378 590 1441 in
612 1377 695 1443 bebo
721 1384 904 1462 pepercerat
930 1376 1064 1458 fortuna,
1090 1377 1204 1461 partim

175 1482 278 1567 patria
305 1481 500 1564 expulissent
529 1480 643 1564 partim
673 1479 913 1560 interfecissent,
941 1481 1025 1544 bona
1045 1480 1204 1571 publicata

175 1587 257 1650 inter
278 1604 313 1649 se
335 1583 525 1668 dirisissent,
545 1604 608 1648 non
624 1584 723 1649 solum
745 1583 900 1668 princeps,
923 1582 980 1648 sed
1002 1583 1097 1648 etiam
1119 1584 1202 1649 solus

174 1689 264 1754 initio
286 1687 403 1752 bellum
430 1687 476 1752 eis
498 1686 622 1752 indixit.
655 1688 738 1751 Nam
762 1707 831 1752 oum
853 1687 977 1770 Phylen
999 1686 1200 1770 confugisset,
1220 1702 1348 1755 1111111

177 1790 261 1875 quod
291 1796 338 1856 est
367 1790 529 1854 castellum
557 1790 592 1853 in
620 1789 726 1854 Attica
754 1790 1010 1870 munitissimum,
1040 1809 1103 1854 non
1133 1790 1203 1873 plus

176 1895 286 1960 habuit
315 1913 421 1958 secum
452 1893 543 1957 LXX
572 1892 612 1956 de
641 1893 715 1958 suis.
761 1894 829 1958 Hoc
857 1893 981 1957 initium
1009 1892 1069 1957 fuit
1094 1893 1202 1958 salutis

177 2005 368 2078 exactorum,
391 1997 451 2061 hoo
472 1997 566 2061 robur
587 1996 740 2062 libertatis
759 1997 949 2061 clarissimae
968 1995 1112 2062 civitatis.
1142 1998 1235 2062 lle-2

178 2123 239 2185 que
261 2121 337 2166 vero
359 2101 412 2165 ille
434 2120 497 2164 non
520 2105 717 2184 contemptus
739 2106 788 2164 est
813 2099 912 2183 primo
938 2119 959 2162 a
987 2100 1130 2182 tyrannis
1158 2109 1201 2164 11-

177 2211 237 2288 que
260 2205 327 2269 eius
350 2202 491 2269 solitudo.
538 2202 628 2279 Quae
657 2202 783 2285 quidem
805 2222 855 2268 res
878 2209 910 2267 et
932 2205 1202 2270 contemnentibus

176 2308 326 2394 perniciei
354 2314 385 2372 et
412 2306 560 2390 despecto
588 2307 680 2371 saluti
706 2307 782 2371 suit:
816 2307 884 2371 illos
911 2307 995 2371 enim
1021 2327 1135 2390 segnes
1160 2307 1201 2372 ad

176 2409 437 2496 persequendum,
460 2410 517 2475 hos
539 2415 644 2474 autem
660 2416 798 2493 tempore
813 2409 855 2474 ad
870 2410 1114 2494 'comparandum
1129 2411 1201 2476 (1111

177 2516 252 2580 11111
265 2514 462 2579 robustiores.
495 2512 563 2589 Quo
578 2513 679 2595 magis
694 2520 895 2597 praeceptum
910 2513 986 2577 illud
1008 2514 1146 2578 omnium
1168 2515 1200 2578 in
1220 2542 1235 2590 3

176 2618 290 2683 animis
319 2637 388 2682 esse
416 2615 520 2697 debet,
548 2615 627 2680 nihil
648 2616 681 2680 in
704 2616 786 2680 bello
809 2624 951 2700 oportere
973 2618 1130 2681 contemni
1151 2638 1202 2682 ne-

177 2742 237 2806 que
252 2721 320 2787 sine
336 2720 507 2784 causedici
523 2725 654 2783 matrem
670 2718 771 2783 timidi
785 2718 860 2784 flere
874 2739 937 2784 non
954 2720 1070 2785 solere·
1090 2721 1201 2803 Neque
1220 2747 1235 2794 4

177 2833 281 2890 tameo
304 2843 359 2907 pro
381 2822 528 2906 opinione
550 2822 741 2906 Thrasybuli
766 2827 878 2887 auctae
904 2829 977 2888 sunt
1006 2842 1097 2906 opes:
1128 2845 1201 2888 nam
1279 2851 1281 2856 ·

177 2930 239 2992 iam
261 2926 323 2990 illis
344 2925 537 3009 temporibus
558 2925 669 2990 fortius
690 2925 765 2990 boni
787 2946 843 3008 pro
865 2925 1009 2990 libertate
1034 2926 1201 3009 loqueban-

177 3040 226 3096 tur
252 3051 345 3112 quam
372 3030 565 3113 pugnabant.
611 3029 701 3093 Illinc
729 3028 764 3092 in
785 3029 930 3092 Piraeum
957 3029 1080 3093 transiit
1101 3031 1233 3102 Muni-5

177 3135 341 3214 chiamque
370 3132 512 3196 munivit.
563 3133 653 3196 Hanc
682 3131 731 3197 bis
760 3131 888 3215 tyranni
918 3152 1099 3215 oppugnare
1129 3141 1201 3197 sunt

177 3237 277 3303 adorti
299 3236 340 3300 ab
364 3255 464 3317 eaque
486 3236 616 3318 turpiter
637 3235 753 3319 repulsi
774 3236 915 3318 protinus
934 3236 966 3299 in
982 3237 1091 3300 urbem
1105 3239 1200 3302 armis

177 3339 470 3425 impedimentisque
499 3339 622 3404 amissis
651 3338 840 3422 refugerunt.
885 3339 968 3404 Usus
995 3346 1042 3405 est
1063 3339 1198 3425 Thrasy·
1217 3366 1231 3412 a
1249 3365 1353 3410 rosana

179 3445 269 3508 bulus
292 3462 354 3506 non
384 3442 487 3507 minus
509 3441 676 3525 prudentia
698 3462 792 3524 quam
814 3435 1004 3507 fortitudine.
1049 3444 1131 3508 Nam
1154 3466 1200 3509 ce-

179 3547 289 3612 dentes
304 3545 413 3610 violari
429 3545 528 3610 vetuit
549 3543 648 3630 (cives
670 3545 754 3609 enim
774 3544 894 3610 civibus
915 3566 1044 3629 parcere
1065 3567 1198 3628 aequum

181 3648 342 3734 censebat)
369 3667 472 3729 neque
495 3649 660 3729 quisquam
676 3654 723 3713 est
745 3649 934 3730 vulneratus,
961 3649 1021 3713 nisi
1044 3650 1096 3730 qui
1118 3650 1200 3732 prior

180 3754 363 3836 impugnare
378 3751 484 3815 voluit.
512 3751 679 3815 Neminem
694 3751 848 3814 iacentem
870 3757 957 3815 veste
980 3750 1133 3832 spoliavit,
1156 3751 1200 3813 nil
1402 3795 1450 4142 }
