2934 4192
497 142 546 196 1v.
564 142 791 198 rausnmns.
809 146 833 199 a.
846 145 870 198 4.
1159 127 1197 190 ll

166 339 243 402 agro
264 316 387 383 Troade
410 323 467 398 est,
491 335 526 382 se
548 317 739 400 contule1·at;
766 316 810 381 ibi
834 317 964 382 consilia
986 336 1056 381 eum
1078 316 1200 400 patriae

167 427 231 485 tum
263 420 324 485 sibi
352 420 481 484 inimica
508 420 663 504 capiebat.
708 418 746 482 ld
767 425 933 504 postquam
956 419 1233 485 Lacedaemoniis

166 524 347 605 rescierunt,
370 525 491 609 legatos
515 544 584 589 cum
608 525 730 606 scytale
752 523 794 586 ad
813 543 884 588 eum
902 525 1063 604 miserunt,
1086 522 1201 605 inqua

166 647 252 692 more
281 627 404 692 illorum
434 633 501 692 erat
530 628 698 712 scriptum:
733 627 794 692 nisi
825 625 951 691 domum
981 632 1199 706 reverteretur,

167 729 277 814 capitis
300 751 334 796 se
357 751 428 796 eum
450 731 662 796 damnaturos,
703 732 772 796 Hoc
794 731 904 796 nuntio
928 736 1109 810 commotus,
1133 745 1233 813 spe-a

166 853 240 899 rans
263 855 297 900 se
321 835 415 899 etiam
439 841 506 899 tum
526 836 662 919 pecunia
684 840 716 899 et
733 834 875 920 potentia
889 835 1012 899 instans
1026 832 1200 917 periculum

166 957 259 1021 posse
279 937 445 1023 depellere,
469 937 596 1004 domum
618 937 720 1003 rediit.
765 939 811 1002 Eo
833 944 874 1029 ut
890 938 987 1019 venit,
1011 938 1051 1002 ab
1075 936 1200 1020 ephoris

165 1040 199 1105 in
225 1042 351 1107 vincula
376 1043 507 1126 publica
530 1049 578 1108 est
601 1042 768 1108 coniectus.
814 1041 946 1107 Licebat
969 1041 1053 1106 enim
1075 1039 1199 1124 legibus

166 1144 487 1211 Lacedaemoniorum
521 1145 647 1230 ephoris
679 1145 739 1210 hoo
771 1144 877 1210 faeere
906 1146 958 1210 vel
986 1143 1064 1227 regi.
1116 1143 1200 1207 Hine

166 1253 272 1322 tamen
295 1268 330 1313 se
350 1247 524 1334 expedivit,
548 1233 660 1332 neque
674 1269 711 1314 eo
733 1249 835 1332 magis
858 1249 985 1313 carebat
1007 1247 1198 1331 suspicione:

165 1371 252 1415 nam.
267 1351 372 1435 opinio
394 1352 545 1417 manebat
567 1372 638 1417 eum
665 1372 736 1418 oum
761 1372 837 1436 rege
862 1351 979 1417 habere
1006 1352 1197 1417 societatem.

166 1454 222 1519 Est
237 1475 338 1537 genus
357 1455 515 1537 quoddam
534 1456 706 1538 hominum,
728 1455 813 1538 quod,
825 1456 949 1521 Hilotae
968 1461 1107 1536 vocatur,
1128 1474 1197 1536 quo·
1218 1464 1233 1510 6

165 1578 235 1622 rum
250 1577 367 1641 magna
381 1557 547 1624 multitudo
565 1579 659 1643 agros
674 1558 994 1624 Lacedaemoniorum
1010 1557 1083 1622 colit
1098 1577 1200 1623 servo·

166 1681 296 1743 rumque
311 1681 440 1726 munere
455 1662 604 1746 fungitur.
636 1663 702 1727 Hos
718 1682 841 1744 quoque
857 1661 1024 1726 sollicitare
1039 1680 1095 1745 spe
1110 1661 1199 1726 liber·

166 1763 240 1828 tatis
256 1765 502 1830 existimabatm.
539 1765 603 1832 Sed
625 1765 708 1849 quod
730 1765 841 1830 harum
863 1785 967 1830 rerum
988 1765 1109 1830 nullum
1133 1773 1231 1830 erat?

166 1874 309 1952 apertum
332 1868 460 1950 crimen,
494 1889 555 1952 quo
585 1868 712 1954 coargui
734 1875 850 1954 posset,
880 1889 945 1934 non
974 1867 1129 1952 putabant
1159 1868 1198 1933 de

166 1970 221 2035 tali
235 1971 302 2036 viro
317 1972 549 2056 suspicionibus
565 1978 707 2056 oportere
728 1972 860 2038 indicari
883 1978 915 2036 et
937 1971 1196 2055 exspectandum,

166 2074 241 2139 dum
263 2095 298 2141 se
320 2075 390 2160 ipsa
408 2096 459 2141 res
481 2077 626 2161 aperiret.
657 2077 788 2142 Interim
811 2075 950 2160 Argilius
972 2074 1100 2158 quidam
1122 2075 1232 2139 adu-4

166 2179 365 2261 lescentulus,
397 2201 467 2245 cum
497 2181 664 2265 epistulam
693 2181 734 2246 ab
765 2200 802 2245 eo
829 2178 872 2244 ad
895 2179 1085 2244 Artabazum
1112 2199 1197 2243 acce·

165 2282 265 2366 pisset
294 2282 385 2364 eique
409 2283 442 2347 in
470 2284 679 2368 suspicionem
707 2284 846 2349 venisset
873 2281 994 2365 aliquid
1023 2283 1056 2347 in
1090 2301 1128 2346 ea
1158 2280 1198 2346 dc

166 2405 200 2450 se
224 2405 293 2452 esse
316 2387 476 2471 scriptum,
501 2387 586 2470 quod
601 2408 693 2453 nemo
717 2407 823 2452 eorum
842 2385 985 2467 redisset,
1010 2385 1063 2468 qui
1087 2385 1197 2450 eodem

166 2489 253 2555 missi
276 2496 374 2571 erant,
402 2491 529 2556 vincula
555 2492 707 2575 epistulae
734 2491 855 2555 laxavit
882 2490 1035 2572 signoque
1058 2488 1197 2553 detracto

166 2593 322 2676 cognovit,
353 2593 380 2658 si
409 2593 596 2677 pertulisset,
627 2594 688 2660 sibi
710 2592 905 2677 pereundum
934 2611 1011 2657 esse.
1044 2592 1143 2655 Erant
1164 2591 1232 2656 ina

167 2695 277 2761 eadem
293 2697 436 2781 epistula,
461 2717 542 2780 quae
560 2695 603 2760 ad
619 2716 657 2762 ea
671 2696 874 2781 pertinerent,
899 2715 979 2777 quae
994 2694 1076 2759 inter
1091 2714 1197 2778 regom

166 2799 428 2883 Pausaniamque
458 2806 679 2866 convenerant.
729 2801 795 2864 Has
833 2800 885 2865 ille
918 2799 1038 2864 litteras
1072 2799 1231 2883 ephorisa

167 2901 305 2967 tradidit.
347 2905 420 2969 Non
449 2911 496 2970 est
517 2903 748 2989 praetereunda
770 2903 829 2968 hoc
850 2904 919 2968 loco
941 2903 1081 2987 gravitas
1104 2903 1199 2967 Lace-

168 3005 413 3072 daemoniorum.
445 3008 528 3072 Nam
540 3027 581 3072 ne
597 3013 684 3073 tanto
700 3006 827 3090 quidem
842 3004 958 3071 indicio
974 3005 1100 3090 impulsi
1115 3013 1198 3087 sunt,

167 3115 202 3173 ut
223 3109 414 3175 Pausaniam
437 3110 747 3195 comprehenderent,
779 3130 882 3192 neque
909 3110 995 3194 prius
1018 3109 1083 3173 vim
1112 3109 1199 3174 adhi-

168 3212 305 3277 bendam
339 3218 530 3297 putaverunt
565 3234 660 3296 quam
693 3233 726 3278 se
760 3214 828 3298 ipse
862 3211 1041 3277 indicasset.
1086 3213 1199 3295 Itaque

168 3314 240 3379 huic
274 3314 379 3396 indici,
416 3316 491 3398 quid
525 3317 592 3381 fieri
626 3317 753 3397 vellent,
789 3322 1025 3401 praeceperunt.
1061 3317 1232 3381 'Fanumr

168 3419 309 3503 Neptuni
338 3426 385 3484 est
406 3420 552 3502 Taenari,
580 3420 663 3503 quod
689 3420 799 3485 violari
826 3420 916 3485 nefas
942 3425 1055 3504 putant
1078 3419 1198 3485 Graeci.

168 3522 214 3586 Eo
236 3522 289 3586 ille
312 3522 454 3607 confugit
475 3523 508 3588 in
530 3543 647 3606 araque
671 3523 820 3588 consedit.
866 3522 958 3587 Hanc
983 3523 1073 3590 iuxta
1098 3523 1200 3588 locum

168 3623 311 3689 fecerunt
326 3625 385 3691 sub
401 3632 492 3708 terra,
517 3647 558 3691 er
581 3647 642 3711 quo
664 3633 770 3711 posset
793 3625 946 3708 exaudiri,
970 3626 996 3692 si
1020 3627 1089 3708 quis
1112 3627 1201 3691 collo-

168 3733 314 3810 queretur
342 3748 412 3812 cum
433 3729 563 3814 Argilio.
601 3730 671 3794 Huc
698 3749 739 3794 ex
768 3729 891 3813 ephoris
918 3728 1047 3810 quidam
1074 3726 1234 3792 descen-s

218 3836 472 3891 Corneliurliapor.
500 3838 690 3881 ltdawaidnar
1032 3837 1045 3864 ⁰
