2890 4196
289 214 328 276 76
453 200 455 204 ’
598 230 703 286 xvrn.
723 231 901 288 sunuuns
921 236 1015 290 10.11.

287 403 494 468 Macedonum
506 410 736 485 veteranorum,
750 424 821 469 cum
833 407 973 490 superior
984 408 1101 490 proelio
1114 409 1321 493 discessisset,

287 508 446 592 Antigono
462 513 510 572 est
525 507 660 589 deditus,
684 528 755 572 oum
776 509 933 586 exercitus
949 509 978 573 ci
1001 516 1048 575 ter
1070 512 1145 577 ante
1168 517 1322 598 separatis

287 610 481 695 temporibus
508 611 642 676 iurasset
664 631 699 676 se
721 630 794 677 eum
817 610 1022 678 defensurum
1045 635 1149 697 neque
1172 637 1320 700 umquam

287 717 491 782 deserturum.
538 713 601 781 Sed
637 721 728 780 tanta
763 715 823 780 fuit
856 717 1077 782 nonnullorum
1111 719 1236 785 virtutis
1269 724 1322 788 ob·

286 819 439 902 trectatio,
463 824 498 883 ut
518 817 615 883 fidem
634 819 782 883 amittere
804 820 934 883 mallent
957 840 1051 902 quam
1074 842 1146 886 eum
1169 843 1233 887 non
1253 845 1321 908 per-

254 923 371 989 edere.
417 922 512 1003 Atqui
534 921 723 1006 Antigonus,
754 941 825 986 cum
848 922 959 988 fuisset
987 924 1218 1008 infestissimus,
1249 949 1320 993 eum

237 1094 239 1100 ,
287 1033 514 1106 conservasset,
537 1025 564 1090 si
586 1021 643 1109 pe'r
666 1045 738 1090 suos
761 1032 844 1091 esset
866 1026 995 1108 licitum,
1019 1027 1103 1110 quod
1125 1030 1165 1093 ab
1186 1031 1271 1096 nullo
1286 1051 1321 1096 se

286 1132 357 1217 plus
379 1129 522 1194 adiuvari
544 1149 638 1212 posse
663 1129 869 1213 intellegebat
895 1130 929 1194 in
956 1131 1002 1196 eis
1029 1132 1132 1213 rebus,
1162 1153 1240 1215 quas
1266 1134 1320 1199 im-

287 1233 426 1318 pendere
448 1233 512 1296 iam
534 1232 709 1318 apparebat
731 1233 886 1299 omnibus.
931 1235 1143 1300 Imminebant
1167 1237 1252 1301 enim
1268 1239 1320 1304 Sc-

287 1339 404 1417 leucus,
434 1335 652 1418 Lysimaohus,
683 1336 891 1418 Ptolemaeus,
927 1338 1039 1421 opibus
1072 1338 1136 1403 iam
1166 1341 1318 1422 valentes,

254 1460 271 1506 4
291 1461 361 1506 oum
384 1439 497 1522 quibus
520 1440 547 1503 ei
571 1439 611 1504 dc
634 1439 763 1505 summis
784 1441 879 1505 rebus
902 1447 969 1505 erat
992 1440 1213 1507 dimicandum.
1257 1442 1320 1509 Sed

270 1585 272 1591 .
288 1563 351 1609 non
367 1543 453 1626 passi
468 1549 541 1608 sunt
556 1543 588 1624 ii,
612 1543 666 1624 qui
682 1543 764 1608 circa
783 1550 882 1624 erant,
906 1542 990 1625 quod
1012 1543 1165 1608 videbant
1179 1546 1319 1610 Eumene

287 1637 413 1730 recepto
435 1665 546 1711 omnes
567 1665 643 1729 prae
664 1646 717 1710 illo
740 1646 831 1730 parvi
853 1646 988 1712 futuros«
1030 1649 1103 1730 Ipse
1130 1656 1235 1713 autem
1256 1650 1318 1714 An·

288 1752 413 1835 tigcnus
436 1750 516 1815 adeo
538 1750 585 1814 ira
608 1755 675 1814 erat
696 1749 854 1831 incensus,
882 1757 917 1815 ut
943 1751 1004 1815 nisi
1031 1771 1148 1835 magna
1174 1771 1232 1836 spe
1257 1773 1319 1816 ma-

237 1857 441 1921 11ximarum
467 1874 570 1918 rerum
597 1853 687 1918 leniri
714 1873 777 1919 non
803 1860 914 1938 posset
964 1855 1076 1936 Itaque
1099 1875 1170 1919 cum
1193 1874 1265 1920 eum
1287 1857 1319 1919 in

289 1957 463 2024 custodiam
495 1955 635 2022 dedisset
665 1963 697 2021 et
726 1955 904 2042 praefectus
938 1956 1101 2022 custodum
1135 1959 1319 2040 quaesisset,

289 2059 552 2144 quemadmodum
589 2059 708 2125 servari
744 2059 852 2141 vellet,
892 2060 945 2126 ‘Ut
980 2057 1177 2125 acenimum'
1219 2061 1321 2143 inquit

288 2159 422 2230 ‘leonem
452 2169 506 2228 aut
535 2162 761 2227 ferocissimum
792 2159 1012 2248 elephantum'.
1057 2160 1206 2229 Nondum
1236 2165 1320 2230 enim

255 2273 451 2348 astatuerat,
483 2272 683 2332 conservaret
713 2287 784 2331 cum
813 2287 923 2332 necne.
957 2267 1114 2332 Veniebat
1143 2275 1249 2332 autem
1278 2268 1321 2333 ad

288 2373 461 2436 Eumenem
495 2375 661 2451 utrumque
694 2389 795 2453 genus
827 2369 1000 2450 hominum,
1038 2377 1070 2459 et
1107 2369 1160 2453 qui
1193 2377 1321 2455 propter

289 2475 395 2541 odium
418 2475 551 2539 fructum
575 2472 673 2539 oculis
696 2494 737 2538 cx
761 2474 828 2540 eius
851 2494 926 2540 casu
950 2493 1063 2557 capere
1085 2474 1204 2539 vellent
1220 2475 1320 2556 etqui

288 2585 415 2664 propter
437 2585 575 2643 veterem
597 2577 769 2640 amicitiam
791 2576 907 2658 alloqui
923 2577 1138 2658 consolarique
1154 2584 1319 2662 cuperent;

289 2683 378 2748 multi
408 2683 503 2747 ctiam
534 2682 601 2747 cius
631 2682 763 2746 formam
794 2700 983 2764 cognoscere
1013 2680 1193 2762 studebant,
1228 2701 1321 2764 quem

289 2793 353 2850 tam
378 2784 431 2849 diu
453 2791 582 2868 tamque
604 2783 697 2848 valde
720 2785 906 2866 timuissent,
935 2785 1022 2849 cuius
1048 2785 1081 2848 in
1108 2785 1248 2868 pernicie
1269 2806 1320 2870 po

187 2950 193 2962 .,
256 2890 383 2956 ssitam
418 2908 505 2972 spem
539 2888 724 2952 habuissent
757 2888 916 2954 victoriae.
968 2889 1012 2952 At
1043 2889 1211 2968 Eumenes,
1250 2907 1321 2952 cum

291 2991 406 3056 diutius
435 2991 468 3054 in
498 2991 610 3055 vinclis
645 2997 740 3071 esset,
775 2991 820 3055 ait
850 2989 1062 3072 Onomarcho,
1097 3009 1195 3074 penes
1229 3010 1321 3072 quem

290 3114 413 3160 summa
435 3101 502 3158 erat
525 3094 694 3175 custodiae,
717 3095 823 3159 mirari
838 3114 882 3175 sc,
906 3114 1002 3176 quare
1016 3095 1143 3158 tertium
1158 3093 1221 3158 iam
1237 3093 1321 3158 diem

290 3198 336 3264 sic
357 3203 530 3281 teneretur3
553 3217 615 3262 non
640 3197 724 3262 enim
747 3197 806 3262 hoc
829 3199 998 3262 convenire
1013 3197 1166 3279 Antigoni
1188 3196 1321 3282 pruden-

290 3302 364 3381 tiae,
390 3307 425 3364 ut
448 3300 507 3365 sihi
530 3299 745 3364 detererentur
771 3301 890 3384 vincla3
925 3301 1000 3382 quin
1026 3305 1082 3363 aut
1108 3299 1241 3363 inten‘ici
1268 3306 1323 3364 aut

256 3422 273 3468 4
291 3405 421 3469 missum
443 3404 510 3468 lieri
532 3405 663 3469 iuberet.
694 3404 755 3469 Hic
778 3424 849 3468 cum
871 3403 1006 3468 ferocius
1021 3402 1220 3470 Onomarcho
1236 3402 1320 3485 loqui

291 3509 459 3589 videretur,
482 3501 663 3583 ‘Quid'tu‘l'
685 3507 787 3590 inquit
809 3501 924 3574 ‘animo
947 3508 973 3572 si
995 3507 1056 3572 isto
1080 3527 1158 3586 eras,
1183 3527 1237 3572 cur
1259 3527 1322 3572 non

291 3613 324 3676 in
351 3611 468 3694 proelio
496 3609 638 3675 cecidisti
665 3609 778 3694 potius,
807 3630 902 3692 quam
928 3610 961 3674 in
988 3616 1177 3694 potestatem
1203 3609 1322 3672 inimici

259 3731 273 3776 s
292 3708 453 3780 venires?’
475 3714 557 3778 Huic
571 3713 728 3778 Eumenes
743 3706 895 3778 ‘Utinam’
909 3712 1012 3796 inquit
1033 3709 1127 3778 ‘istud
1150 3713 1321 3776 evenisset!

293 3816 349 3882 sed
376 3835 412 3881 eo
439 3835 503 3881 non
530 3815 659 3896 accidit,
691 3815 773 3896 quod
803 3836 974 3898 numquam
1003 3836 1072 3880 cum
1100 3813 1227 3879 fortioro
1254 3833 1322 3879 sum
