2890 4196
282 200 341 264 110
598 216 689 270 XXV.
708 214 880 271 ATTIOUS.
899 219 940 271 20.
954 221 995 272 21.

278 390 413 471 abesset,
440 410 613 473 numquam
639 388 681 454 ad
709 409 836 455 suorum
859 409 1048 473 quemquam
1069 389 1191 455 litteras
1214 389 1314 472 misit,

278 495 353 576 quin
369 494 473 559 Attico
496 494 655 574 scriberet,
680 492 756 575 quid
778 498 897 576 ageret,
919 493 952 556 in
967 492 1077 578 primis
1093 491 1169 576 quid
1190 492 1315 578 legeret

244 599 432 681 equibusve
462 597 496 662 in
529 597 606 663 locis
638 602 694 661 aut
728 594 877 679 quamdiu
912 602 996 662 esset
1027 603 1218 679 moraturus,
1253 597 1313 663 sed

278 701 383 782 etiam,
407 721 477 766 cum
501 706 583 767 esset
604 699 638 765 in
660 700 738 764 urbe
761 706 794 764 et
814 705 942 784 propter
963 698 1103 766 infinitas
1126 719 1200 766 suas
1221 720 1312 767 occu-

277 805 421 890 pationes
443 804 547 870 minus
569 821 675 887 saepe,
698 822 794 884 quam
809 802 914 882 vellet,
937 802 1042 868 Attico
1056 802 1220 884 frueretur,
1242 805 1312 868 nul-

277 911 326 975 lus
348 907 416 973 dies
438 914 557 974 temere
582 907 770 988 intercessit,
803 926 864 989 quo
890 926 955 971 non
981 905 1024 971 ad
1051 926 1122 972 eum
1150 907 1310 988 scriberet,

278 1033 349 1079 cum
370 1011 464 1078 modo
485 1009 606 1094 aliquid
628 1010 668 1075 de
690 1010 877 1093 antiquitate
899 1009 941 1074 ab
962 1029 998 1076 eo
1013 1011 1193 1093 requireret,
1216 1011 1311 1077 modo

276 1117 414 1199 aliquam
441 1115 656 1198 quaestionem
683 1114 839 1199 poetieam
866 1113 895 1178 ei
921 1120 1120 1197 proponeret,
1151 1114 1310 1180 interdum

242 1242 259 1291 a
276 1221 383 1285 iocans
407 1219 474 1284 eius
495 1217 690 1284 verbosiores
714 1217 841 1282 eliceret
860 1216 1019 1301 epistulas.
1042 1217 1092 1281 Ex
1108 1237 1169 1300 quo
1184 1216 1309 1299 accidit,

277 1343 347 1388 cum
373 1321 463 1388 aedis
488 1321 574 1386 Iovis
596 1321 729 1386 Feretrii
755 1321 788 1384 in
816 1319 981 1404 Capitolio,
1008 1322 1049 1386 ab
1077 1321 1209 1386 Romulo
1240 1341 1310 1387 eon-

277 1425 395 1506 stituta,
423 1431 581 1490 vetustate
607 1430 702 1507 atque
728 1423 850 1488 incuria
877 1422 1002 1489 detecta
1022 1424 1247 1508 prolaberetur,
1274 1432 1310 1489 ut

242 1527 373 1600 4Attiei
394 1527 557 1595 admonitu
580 1528 697 1594 Caesar
719 1546 790 1592 eam
811 1525 1014 1591 reficiendam
1038 1535 1168 1592 curaret.
1197 1529 1310 1612 Neque

275 1652 350 1698 vero
372 1653 392 1696 a
414 1633 454 1697 M.
478 1631 615 1697 Antonio
638 1631 742 1696 minus
764 1632 880 1696 absens
902 1630 1014 1696 litteris
1036 1631 1205 1713 colebatur,
1227 1631 1311 1697 adeo

274 1743 309 1803 ut
331 1743 477 1802 accurate
499 1736 553 1800 ille
576 1754 617 1800 ex
639 1735 758 1799 ultimis
780 1735 881 1815 terris,
904 1734 981 1816 quid
996 1741 1115 1818 ageret,
1139 1755 1232 1800 curae
1248 1735 1311 1802 sibi

240 1840 406 1909 shaberet
427 1839 591 1905 certiorem
613 1838 719 1904 facere
733 1838 881 1903 Atticum.
905 1839 975 1904 Hoc
997 1839 1089 1920 quale
1111 1840 1162 1919 sit,
1184 1838 1311 1905 facilius

276 1943 470 2009 existimabit
490 1942 529 2025 is,
552 1942 606 2024 qui
621 1941 760 2005 iudicare
775 1941 900 2026 poterit,
923 1946 1060 2024 quantae
1076 1941 1117 2006 sit
1132 1941 1311 2026 sapientiae

276 2066 383 2111 eorum
405 2045 540 2110 retinere
561 2064 651 2110 usum
672 2044 997 2127 benevolentiamque,
1020 2044 1102 2109 inter
1117 2064 1194 2127 quos
1209 2046 1311 2109 maxi-

274 2169 395 2214 marum
417 2167 521 2213 rerum
542 2167 606 2212 non
628 2149 728 2213 solum
743 2147 923 2229 aemulati0,
945 2147 1003 2213 sed
1017 2147 1204 2213 obtrectatio
1219 2153 1312 2212 tanta

273 2250 500 2331 intercedebat,
522 2257 674 2333 quantam
695 2249 756 2316 fnit
778 2269 910 2317 necesse
928 2250 1011 2315 inter
1027 2251 1196 2316 Gaesarem
1210 2256 1309 2333 atque

273 2354 456 2436 Antonium,
486 2374 557 2419 eum
585 2372 620 2420 se
646 2359 778 2437 uterque
803 2353 978 2438 prinoipem
1006 2372 1070 2418 non
1098 2354 1198 2419 solum
1221 2353 1310 2420 urbis
1433 2361 1434 2364 ’

272 2459 401 2540 Romae,
424 2456 481 2523 sed
503 2457 588 2523 orbis
611 2463 764 2522 terrarum
787 2476 857 2523 esse
881 2464 1017 2540 cuperet.

221 2574 256 2628 21
375 2562 445 2626 Tali
467 2561 560 2627 modo
584 2581 654 2626 cum
676 2585 721 2627 v11
744 2567 775 2626 et
797 2583 857 2624 nxx
878 2579 979 2626 annos
1003 2559 1190 2645 complesset
1211 2566 1308 2643 atque

131 2683 220 2725 caca
272 2664 315 2731 ad
345 2672 520 2730 extremam
552 2670 748 2732 senectutem
780 2683 845 2729 non
878 2663 983 2729 minus
1020 2663 1175 2748 dignitate
1213 2683 1307 2745 quam

272 2768 375 2852 gratia
389 2767 577 2850 fortunaque
597 2767 747 2832 crevisset
770 2766 898 2853 (multas
914 2766 998 2832 enim
1013 2764 1205 2833 hereditates
1219 2766 1308 2832 nulla

273 2871 336 2936 alia
356 2890 390 2935 re
413 2891 508 2954 quam
530 2870 672 2936 bonitate
695 2876 881 2936 consecutus
904 2869 965 2956 est)
987 2877 1139 2953 tantaque
1153 2869 1308 2954 prosperi-

273 2980 338 3039 tate
360 2992 436 3039 usus
463 2979 547 3039 esset
573 2972 774 3055 valetudinis,
803 2980 839 3039 ut
865 2973 957 3038 annis
980 2997 1041 3036 xxx
1063 2972 1221 3038 medicina
1241 2992 1307 3038 non

239 3076 470 3161 aindiguisset,
499 3084 612 3142 nactus
639 3083 687 3142 est
713 3076 867 3158 morbum,
898 3096 991 3159 quem
1018 3076 1108 3142 initio
1131 3077 1254 3161 etipse
1276 3083 1309 3142 et

274 3179 388 3246 medici
410 3186 674 3264 contempserunt.
702 3181 786 3245 Nam
808 3185 959 3265 putarunt
973 3198 1043 3246 esse
1058 3186 1233 3261 tenesmon,
1256 3180 1308 3244 cui

238 3284 413 3354 aremedia
440 3285 554 3348 celeria
581 3282 749 3367 faciliaque
776 3285 1041 3370 proponebantur.
1087 3285 1125 3349 In
1152 3282 1213 3349 hoc
1236 3303 1309 3349 oum

273 3393 336 3452 tres
361 3406 488 3452 menses
514 3387 584 3454 sine
609 3386 681 3453 ullis
709 3386 882 3468 doloribus,
912 3393 1133 3471 praeterquam
1160 3406 1238 3470 quos
1265 3405 1308 3452 ex

273 3489 432 3555 curatione
455 3491 610 3574 capiebat,
635 3490 889 3575 consumpsisset,
912 3490 1016 3556 subito
1038 3495 1128 3556 tanta
1142 3489 1190 3554 vis
1205 3489 1308 3556 morbi

272 3592 424 3659 inimum
452 3593 636 3659 intestinum
666 3595 815 3679 prorupit,
845 3600 880 3658 ut
910 3601 1051 3658 extremo
1080 3599 1221 3677 tempore
1250 3612 1310 3676 per

238 3718 255 3766 4
273 3696 395 3762 lumbos
415 3695 539 3762 fistulae
561 3696 648 3781 puris
671 3698 840 3782 eruperint.
871 3697 976 3780 Atque
997 3696 1058 3762 hoo
1079 3696 1261 3780 priusquam
1277 3695 1307 3760 ei
1433 3697 1434 3700 ’

272 3799 438 3882 accideret,
461 3807 628 3885 postquam
650 3801 684 3866 in
706 3801 775 3868 dies
799 3800 920 3868 dolores
943 3820 1121 3868 accrescere
1140 3799 1308 3882 febresque
