2934 4192
276 187 297 252 4
623 202 644 254 1.
663 198 875 254 urnureous.
893 202 917 254 a.
935 201 959 254 4.

278 377 414 442 Graecos
440 376 555 440 liberos
582 395 602 439 a
624 377 790 440 Persarum
816 373 937 439 tuturos
964 372 1185 438 dominatione.
1231 372 1307 438 Sine

277 479 415 565 periculo
444 478 478 543 id
508 485 539 543 et
568 478 661 544 facile
691 477 775 542 effici
800 496 902 561 posse.
947 477 1047 542 Ponte
1070 476 1153 542 enim
1175 476 1307 542 rescisso

181 575 186 582 ”
277 602 385 666 regem
408 583 459 647 vel
480 581 616 647 hostium
638 580 721 646 ferro
743 580 794 646 vel
815 581 922 665 inopia
944 580 1053 664 paucis
1073 571 1309 645 debus'interi-

236 709 259 754 o
278 693 390 751 turum.
421 685 473 750 Ad
494 685 554 751 hoe
577 685 739 750 consilium
763 705 833 750 cum
855 684 908 749 alii
930 683 1126 765 accederent,
1149 683 1309 748 Histiaeus

173 775 175 779 ’
280 785 427 870 Milesius,
454 809 568 855 neres
591 789 803 870 conficeretur,
832 787 960 870 obstitit,
984 808 1054 852 cum
1082 787 1214 852 diceret:
1244 807 1308 851 non
1386 782 1389 786 ’

280 893 363 958 idem
392 893 478 976 ipsis,
510 893 563 974 qui
592 891 725 976 imperia
754 897 907 972 tenerent,
939 890 1089 975 expedire
1116 896 1148 955 et
1173 890 1309 954 multitu-

280 996 355 1076 dini,
379 995 463 1078 quod
477 996 565 1059 Darii
587 1016 684 1079 regno
706 996 844 1079 ipsomm
866 995 1016 1059 niteretur
1038 994 1224 1059 dominatio:
1248 1013 1309 1076 quo
1373 1011 1379 1019 “

230 1154 232 1158 .
281 1100 436 1165 exstincto
469 1099 554 1182 ipsos
583 1104 738 1183 potestate
769 1099 918 1182 expulsos
947 1098 1068 1186 civibus
1098 1098 1163 1163 suis
1191 1116 1310 1182 poenas

281 1203 417 1268 daturos.
451 1204 562 1284 Itaque
585 1201 663 1266 adeo
686 1221 720 1268 se
742 1201 910 1266 abhorrere
935 1221 955 1265 a
977 1207 1149 1267 ceterorum
1173 1201 1309 1282 consilio,

281 1313 316 1371 ut
330 1306 408 1371 nihil
423 1305 566 1370 videatur
581 1305 658 1389 ipsis
672 1305 778 1371 utilius
794 1324 888 1387 quam
899 1304 1079 1390 ¹confirmari
1093 1325 1225 1388 regnum
1239 1305 1309 1369 Per-

248 1430 395 1478 osarum.
430 1409 521 1474 Hanc
543 1409 820 1474 sententiamcum
839 1408 964 1492 plurimi
987 1413 1092 1474 essent
1115 1408 1223 1490 secuti,
1245 1407 1310 1471 Mil-

281 1513 383 1590 tiades
408 1534 472 1580 non
499 1511 657 1594 dubitans,
685 1512 760 1595 quin
787 1519 851 1577 tam
879 1513 985 1578 multis
1011 1513 1143 1578 consciis
1165 1510 1206 1575 ad
1227 1511 1311 1595 regis

282 1637 373 1683 aures
396 1617 526 1682 consilia
548 1611 605 1682 sua
629 1622 819 1701 perventura
846 1623 960 1698 essent,
992 1616 1222 1682 Chersonesum
1243 1616 1311 1681 reli·

284 1723 351 1805 quit
372 1742 410 1786 ac
432 1741 537 1787 rursus
552 1721 694 1786 Athenas
718 1721 915 1805 demigravit.
948 1721 1043 1787 Cuius
1066 1720 1144 1784 ratio
1167 1719 1226 1784 etsi
1247 1739 1310 1783 non

283 1826 391 1907 valuit,
422 1831 527 1890 tamen
550 1845 665 1910 magno
692 1845 786 1910 opere
814 1831 862 1890 est
890 1823 1059 1905 laudanda,
1091 1844 1162 1888 cum
1184 1822 1313 1888 amicior

284 1929 422 1994 omnium
444 1929 581 1993 libertati
605 1949 699 2011 quam
721 1948 797 1994 suae
820 1928 915 1993 fuerit
936 1926 1152 1992 dominationi.

248 2049 268 2103 4
388 2032 506 2097 Darius
532 2038 647 2114 autem,
675 2051 746 2097 eum
774 2051 815 2096 ex
836 2032 962 2116 Europa
984 2031 1017 2096 in
1038 2031 1148 2096 Asiam
1168 2031 1311 2114 redisset,

283 2135 479 2201 hortantibus
501 2135 620 2218 amieis,
643 2141 677 2200 ut
697 2135 862 2201 Graeciam
884 2135 1095 2218 redigeretin
1118 2154 1206 2199 suam
1228 2141 1312 2221 pote·

285 2245 406 2320 statem,
433 2239 565 2303 classem
587 2237 828 2322 quingentarum
851 2239 979 2303 navium
1002 2239 1196 2322 comparavit
1222 2239 1312 2321 eique

284 2343 390 2407 Datim
412 2340 564 2426 praefecit
586 2347 618 2407 et
631 2341 861 2426 Artaphernem
877 2341 984 2424 eisque
1004 2340 1141 2406 ducenta
1161 2341 1312 2426 peditum,

284 2445 394 2510 decem
417 2445 555 2527 equitum
577 2445 663 2509 milia
685 2444 783 2527 dedit,
807 2465 902 2510 causa
922 2445 1115 2529 interposita,
1138 2444 1259 2511 hostem
1279 2465 1313 2510 se

285 2569 354 2615 esse
369 2548 625 2631 Atheniensibus,
649 2548 734 2631 quod
755 2569 862 2614 eorum
883 2549 1001 2613 auxilio
1016 2549 1110 2614 Iones
1126 2548 1241 2614 Sardes
1261 2568 1312 2612 ex-

251 2673 266 2720 a
285 2657 480 2736 pugnassent
502 2672 621 2734 suaque
642 2650 800 2737 praesidia
821 2652 1060 2717 interfecissent.
1092 2653 1141 2716 llli
1163 2651 1313 2736 praelecti

131 2780 231 2825 eoam.
285 2755 364 2840 regii
387 2755 487 2821 classe
512 2755 555 2820 ad
576 2755 738 2821 Euboeam
764 2756 898 2839 appulsa
925 2755 1066 2820 celeriter
1088 2754 1241 2819 Eretriam
1267 2775 1313 2819 ce-

285 2864 398 2942 pemnt
413 2878 583 2941 omnesque
599 2859 684 2924 cives
699 2860 846 2943 abreptos
861 2858 895 2923 in
910 2858 1018 2923 Asiam
1032 2856 1074 2921 ad
1096 2879 1203 2942 regem
1226 2859 1314 2923 mise·

286 2967 366 3026 runt.
401 2961 480 3026 Inde
494 2961 536 3025 ad
550 2961 688 3026 Atticum
710 2967 909 3027 accesserunt
932 2967 963 3026 et
986 2961 1092 3045 copias
1113 2961 1147 3025 in
1170 2982 1314 3046 campum

285 3063 469 3129 Marathona
491 3063 699 3130 deduxerunt.
745 3067 777 3130 Is
803 3066 893 3131 abest
918 3065 959 3130 ab
986 3066 1063 3130 urbe
1087 3065 1208 3130 circiter
1229 3066 1315 3130 milia

252 3188 267 3235 e
286 3187 433 3251 passuum
449 3167 568 3234 decem.
603 3169 671 3234 Hoc
687 3170 820 3234 tumultu
836 3168 1046 3234 Athenienses
1060 3175 1125 3233 tam
1140 3170 1314 3253 propinquo

286 3279 413 3354 tamque
439 3291 555 3354 magno
582 3273 715 3356 permoti
741 3273 894 3337 auxilium
921 3293 1076 3355 nusquam
1097 3272 1159 3337 nisi
1180 3292 1201 3336 a
1222 3274 1314 3337 Lace-

287 3374 460 3439 daemoniis
482 3374 663 3458 petiverunt
677 3375 973 3460 Phidippidemque,
997 3395 1153 3441 cursorem
1177 3377 1243 3442 eius
1264 3397 1316 3460 ge-

287 3477 380 3558 neris,
404 3477 457 3559 qui
471 3476 727 3543 hemerodromoe
750 3485 912 3560 vocantur,
934 3478 1205 3544 Lacedaemonem
1227 3479 1316 3545 misc-

253 3601 268 3646 4
286 3584 368 3660 runt,
392 3588 426 3643 ut
448 3579 616 3661 nuntiaret,
640 3601 734 3663 quam
757 3581 850 3646 celeri
872 3573 951 3666 opus
967 3589 1050 3648 esset
1064 3584 1189 3668 auxilio.
1225 3584 1316 3648 Domi

288 3687 393 3746 autem
416 3688 523 3747 creant
546 3682 655 3748 decem
682 3690 852 3768 praetores,
879 3685 913 3749 in
937 3685 983 3751 eis
1004 3686 1185 3751 Miltiadem.
1231 3687 1318 3752 inter

289 3803 366 3865 quos
382 3803 497 3866 magna
512 3784 571 3849 fuit
587 3786 753 3867 eontentio,
765 3794 868 3851 utrum
884 3787 1047 3852 moenibus
1063 3807 1096 3854 sc
1112 3787 1318 3854 defenderent

255 4066 377 4132 A
