2890 4196
241 203 283 266 lo
506 267 516 281 ,
542 216 648 271 xvru.
668 216 847 271 numanus.
868 219 889 270 1.
910 221 934 270 a
948 219 972 271 a.

241 392 324 474 quod
347 410 478 456 necesse
500 397 548 455 est
570 390 709 454 omnium
732 389 932 454 consiliorum
955 409 1025 454 eum
1054 409 1124 454 esse
1150 388 1273 473 partici-

206 517 321 580 opem.
347 497 439 559 Hune
461 494 562 559 locum
585 493 687 558 tenuit
708 493 794 577 apud
816 493 996 576 Philippum
1018 513 1118 558 annos
1141 500 1271 577 septem.

239 599 297 662 Illo
319 597 485 662 interiecto
509 597 620 661 eodem
642 593 743 680 gradu
758 595 818 660 luit
833 595 919 679 apud
934 595 1151 680 Alexandrum
1174 616 1274 660 annos

240 701 399 765 tredecim.
434 700 614 766 Nouissimo
637 706 778 783 tempore
800 699 935 783 praefuit
959 699 1054 763 etiam
1076 699 1168 763 alteri
1191 701 1273 781 equi·

239 812 305 869 tum
331 805 411 885 alae,
440 823 521 886 quae
548 803 715 868 Hetaerice
742 803 969 887 appellabatur.
1009 802 1141 884 Utrique
1167 810 1272 866 autem

238 908 272 972 in
286 908 430 973 'consilio
458 927 582 991 semper
609 907 700 971 affuit
727 914 759 970 et
787 906 927 970 omnium
949 926 1053 971 rerum
1076 905 1202 971 babitus
1225 911 1273 970 est

84 1041 177 1083 cassen
204 1026 222 1078 2
241 1012 407 1096 particeps.
453 1011 635 1076 Alexandro
657 1011 823 1093 Babylone
845 1015 975 1090 mortuo,
999 1029 1069 1074 cum
1092 1029 1191 1093 regna
1212 1010 1273 1075 sin·

238 1117 319 1200 gulis
342 1115 549 1180 familiaribus
572 1113 812 1198 dispertirentur
834 1119 865 1178 et
887 1132 1010 1178 summa
1031 1133 1135 1177 rerum
1156 1113 1272 1178 badita

238 1225 322 1282 esset
352 1218 470 1282 tuenda
500 1217 538 1299 ei,
569 1217 619 1281 cui
649 1216 830 1281 Alexander
860 1217 996 1282 moriens
1026 1217 1154 1281 anulum
1181 1235 1270 1282 suum

204 1319 378 1401 adederat,
402 1319 572 1385 Perdiccae
600 1320 660 1406 (ex
678 1340 739 1401 quo
761 1338 870 1384 onmes
893 1320 1092 1384 coniecerant
1115 1340 1269 1384 summum

238 1445 370 1508 regnum
393 1425 422 1489 ei
445 1424 644 1489 commissum
669 1443 747 1504 esse,
779 1423 882 1505 quoad
905 1423 995 1490 liberi
1017 1424 1102 1507 regis
1124 1424 1158 1488 in
1181 1445 1270 1489 suam

238 1529 367 1592 tutelam
396 1529 629 1612 pervenissent:
664 1529 797 1592 aberant
830 1528 915 1592 enim
945 1528 1092 1593 Craterus
1123 1534 1154 1592 et
1184 1529 1270 1592 Anti-

238 1637 339 1714 pater,
374 1632 427 1713 qui
460 1629 648 1695 antecedere
678 1631 766 1694 illum
796 1629 1000 1714 videbantur;
1035 1637 1173 1696 mortuus
1204 1637 1270 1696 erat

238 1734 439 1818 Hephaestio,
464 1754 558 1815 quern
580 1754 677 1798 unum
700 1734 883 1799 Alexander
905 1735 1030 1818 plurimi
1052 1733 1194 1819 fecerat),
1217 1735 1269 1798 illo

236 1845 376 1922 tempore
399 1838 474 1902 data
497 1845 545 1902 est
560 1838 693 1902 Eumeni
710 1837 912 1922 Cappadocia
926 1839 994 1904 sive
1009 1839 1112 1922 potius
1126 1838 1267 1904 addicta:

202 1958 310 2006 anam
333 1949 399 2006 tum
422 1943 455 2006 in
478 1941 614 2006 bostium
638 1948 704 2005 erat
726 1948 890 2025 potestate.
919 1942 1012 2006 Hunc
1027 1942 1088 2007 sibi
1103 1941 1269 2007 Perdiccas

235 2045 424 2109 adiunxerat
457 2065 573 2129 magno
608 2042 720 2125 studi0,
755 2043 839 2126 quod
872 2044 1007 2110 hominis
1039 2044 1136 2109 fidem
1165 2052 1196 2109 et
1224 2045 1268 2109 in-

236 2148 387 2212 dustriam
410 2147 542 2228 viderat,
565 2168 629 2213 non
653 2147 810 2228 dubitans,
834 2148 861 2213 si
883 2167 955 2212 eum
977 2148 1168 2232 pellexisset,
1193 2149 1266 2230 quin

234 2271 350 2332 magno
372 2249 442 2315 usui
469 2250 530 2315 sibi
552 2251 674 2316 futurus
701 2258 784 2316 esset
810 2252 843 2315 in
871 2250 916 2316 eis
939 2252 1041 2332 rebus,
1069 2272 1148 2333 quas
1173 2272 1268 2336 appa-

234 2355 333 2418 rabat.
381 2353 549 2437 Cogitabat
572 2355 665 2435 enim,
695 2353 728 2418 id
756 2354 839 2436 quod
866 2373 975 2419 omnes
998 2353 1064 2419 lere
1086 2354 1119 2419 in
1142 2355 1267 2438 magnis

201 2457 374 2540 4imperiis
401 2457 635 2541 concupiscunt,
671 2458 810 2521 omnium
844 2463 949 2541 partes
985 2457 1139 2541 corripere
1172 2464 1267 2540 atque

235 2561 407 2644 complecti.
449 2561 562 2643 Neque
589 2581 664 2626 vero
690 2560 750 2625 hoc
780 2561 833 2626 ille
859 2581 941 2626 unus
968 2560 1051 2644 fecit,
1084 2561 1140 2626 sed
1170 2563 1266 2626 ceteri

234 2685 356 2746 quoque
391 2684 514 2744 omnes,
552 2665 605 2746 qui
639 2663 813 2728 Alexandri
849 2664 974 2729 fuerant
1007 2665 1108 2729 amici.
1143 2665 1266 2731 Primus

234 2769 413 2832 Leonnatus
432 2765 648 2832 Macedoniam
667 2786 900 2851 praeoccupare
918 2767 1089 2832 festinavit.
1113 2769 1145 2833 Is
1160 2770 1266 2834 multis

233 2870 419 2951 magnisque
434 2870 709 2953 pollicitationibus
724 2870 913 2954 persuadere
928 2871 1060 2935 Eumeni
1080 2872 1207 2952 studuit,
1230 2879 1266 2937 ut

199 2972 415 3041 sPerdiocam
443 2972 600 3038 desereret
625 2993 664 3039 ac
690 2994 796 3038 secum
819 2975 937 3038 faceret
959 2975 1149 3039 societatem.
1185 2975 1263 3041 Cum

232 3075 377 3159 pellicere
393 3095 464 3139 eum
480 3096 542 3140 non
563 3083 678 3160 posset,
698 3077 874 3141 interficere
894 3085 1025 3142 conatus
1041 3084 1101 3161 est,
1125 3084 1157 3143 et
1171 3078 1265 3142 inter-

232 3178 367 3259 fecisset,
391 3178 451 3242 nisi
471 3178 524 3242 ille
545 3179 624 3242 olam
645 3186 738 3244 noctu
759 3200 799 3243 cx
819 3178 984 3264 praesidiis
1004 3181 1071 3245 eius
1091 3182 1261 3265 effugisset.

74 3299 170 3342 naraon
197 3297 215 3350 8
337 3281 466 3345 Interim
493 3281 629 3346 conflata
656 3290 729 3346 sunt
755 3283 809 3346 illa
835 3283 927 3364 bella,
956 3303 1036 3365 quae
1062 3284 1104 3348 ad
1131 3285 1264 3349 interne·

231 3384 352 3448 cionem
382 3389 454 3466 post
483 3384 656 3482 Alexandri
686 3392 817 3450 mortem
851 3393 942 3469 gesta
975 3394 1056 3467 sunt,
1092 3407 1262 3469 omnesque

231 3493 453 3551 concurrerunt
474 3488 516 3552 ad
531 3487 715 3553 Perdiccam
738 3489 987 3572 opprimendum.
1012 3489 1113 3566 Quem
1137 3491 1195 3556 etsi
1218 3492 1262 3555 in-

230 3590 352 3653 firmum
375 3589 512 3671 videbat,
536 3591 620 3674 quod
642 3612 724 3656 unus
746 3592 891 3657 omnibus
913 3594 1058 3658 resistere
1081 3595 1260 3678 cogebatur,

231 3700 334 3757 tamen
354 3694 489 3758 amioum
512 3715 575 3758 non
598 3694 734 3759 deseruit
757 3715 860 3777 neque
881 3697 989 3762 salutis
1005 3717 1098 3779 quam
1113 3697 1187 3762 fidei
1202 3697 1261 3762 fuit

196 3817 210 3864 a
231 3795 378 3879 cupidior.
414 3798 613 3863 Praeleocrat
630 3817 700 3861 eum
715 3798 881 3864 Perdiccas
904 3801 932 3863 ei
955 3801 1037 3884 parti
1052 3801 1156 3882 Asiae,
1180 3822 1262 3884 quae

1438 617 1441 740 l
