2934 4192
435 231 472 283 11.
491 229 773 284 rurursrocnrs.
791 233 817 286 a.
830 233 871 286 ro.
1130 215 1170 276 13

135 415 311 491 temporum
346 403 510 468 historiam
543 403 754 485 reliquerunt,
793 409 826 468 et
859 402 1000 468 ciusdem
1035 404 1172 469 civitatis

134 511 205 574 suit.
228 511 261 574 Is
275 515 382 572 autem
396 506 443 571 ait
463 505 506 571 ad
527 507 739 571 Artaxerxem
761 525 834 571 eum
856 507 983 572 venisse
1004 514 1100 590 atque
1122 507 1172 571 his

133 613 244 678 verbis
266 611 435 695 epistulam
456 609 599 675 misisse:
634 603 871 675 ‘Themistocles
891 611 967 675 veni
987 608 1031 674 ad
1051 618 1094 692 te,
1117 611 1205 693 quis

134 715 271 801 plurima
293 715 378 778 mala
399 713 538 779 omnium
561 713 726 778 Graiorum
747 713 781 777 in
804 712 930 778 domum
957 719 1043 778 tuam
1069 714 1171 794 intuli,

135 818 288 903 quamdiu
311 817 389 882 mihi
411 837 542 883 necesse
557 816 617 881 suit
631 816 783 882 adversus
801 824 924 902 patrem
943 823 1031 882 tuum
1053 818 1172 882 bellare

134 924 335 1009 patriamque
350 941 454 986 meam
469 919 651 986 defendere.
678 919 767 986 Idem
783 922 881 986 multo
895 922 987 1006 plura
1000 923 1084 988 bona
1099 921 1171 1004 ieci,
1189 930 1206 976 3

135 1033 305 1113 postquam
326 1026 361 1089 in
383 1031 450 1089 tuto
472 1024 551 1108 ipse,
573 1025 626 1088 ille
647 1024 681 1088 in
703 1025 841 1108 periculo
857 1045 927 1090 esse
942 1025 1054 1108 eoepit.
1088 1026 1172 1089 Nam

135 1151 209 1196 eum
223 1130 257 1193 in
272 1128 381 1194 Asiam
396 1127 514 1193 reverti
528 1128 624 1193 vellet
649 1128 767 1211 proelio
788 1128 874 1212 apud
895 1129 1057 1195 Salamina
1078 1128 1172 1209 iacto,

135 1234 250 1300 litteris
272 1251 345 1299 enm
367 1232 531 1296 certiorem
553 1231 616 1296 feci
638 1230 672 1295 id
693 1231 756 1315 agi,
778 1238 813 1296 nt
831 1252 921 1316 pons,
944 1252 1038 1314 quem
1053 1233 1086 1296 in
1101 1233 1171 1297 Hel-

135 1339 281 1422 lesponto
304 1336 433 1417 iecerat,
456 1335 678 1401 dissolveretur
703 1341 798 1418 atque
816 1336 858 1400 ab
881 1336 1024 1402 hostibus
1046 1337 1173 1402 circum-

134 1444 252 1526 iretur;
277 1461 339 1524 qno
360 1440 471 1505 nuntio
492 1439 546 1504 ille
560 1439 698 1523 periculo
713 1446 762 1504 est
775 1439 935 1505 liberatus.
958 1441 1053 1506 Nunc
1066 1446 1171 1504 autem
1190 1445 1205 1492 4

136 1545 268 1629 coniugi
290 1543 332 1608 ad
354 1550 387 1608 te
408 1542 589 1626 exagitatus
610 1563 631 1606 a
652 1550 766 1607 cuncta
788 1543 930 1625 Graecia,
952 1549 1039 1607 tuam
1061 1551 1173 1628 petens

136 1649 320 1717 amicitiam.
353 1645 456 1723 Quam
479 1646 506 1711 si
529 1665 582 1710 cro
604 1644 748 1728 adeptus,
769 1667 834 1711 non
856 1647 960 1712 minus
981 1667 1033 1712 me
1054 1648 1172 1713 bonurn

137 1753 276 1818 amicum
310 1750 445 1816 habebis
480 1769 573 1832 quam
608 1748 720 1814 sortem
749 1750 912 1814 inimicum
942 1751 994 1815 ille
1023 1758 1173 1835 expertus

139 1862 197 1923 111.
224 1856 271 1920 Τ1
286 1861 393 1919 autem
411 1873 499 1936 rogo,
521 1859 557 1917 ut
571 1851 611 1917 de
626 1853 681 1934 eis,
705 1872 786 1935 quae
808 1859 912 1917 tecum
935 1854 1068 1938 colloqui
1090 1854 1172 1936 volo,

138 1979 280 2025 annuum
312 1957 390 2021 mihi
415 1963 540 2040 tempus
565 1954 622 2021 des
649 1975 748 2039 eoque
769 1963 928 2022 transacto
950 1956 993 2022 ad
1014 1958 1173 2023 tevenire

138 2058 291 2149 patiaris'.
340 2061 476 2125 Tantam
507 2079 566 2124 rex
598 2059 697 2123 animi
729 2058 979 2144 magnitudinem
1012 2060 1172 2127 admirans
1189 2079 1224 2129 10

139 2167 335 2251 cupiensque
356 2165 452 2228 talem
475 2163 576 2228 virum
599 2163 659 2228 sibi
682 2163 840 2228 conciliari
855 2165 982 2230 veniam
997 2164 1092 2229 dedit.
1115 2166 1173 2230 Ille

139 2290 234 2337 omne
259 2268 339 2333 illud
364 2273 490 2350 tempus
515 2268 626 2332 litteris
652 2267 851 2350 sermonique
876 2269 1041 2334 Persarum
1068 2268 1173 2353 dedit,

140 2375 256 2458 quibus
284 2372 366 2438 adeo
396 2371 536 2436 cmditus
565 2376 623 2453 est,
652 2377 689 2436 ut
713 2371 811 2436 multo
825 2373 1031 2454 ,commodius
1053 2373 1174 2438 dicatur

71 2523 73 2528 -
140 2476 228 2562 apud
248 2495 357 2560 regern
380 2475 480 2540 verba
500 2473 614 2539 iecisse
637 2493 730 2556 quam
752 2475 776 2538 ii
798 2481 952 2558 poterant,
976 2476 1029 2558 qui
1050 2477 1083 2540 in
1103 2478 1175 2541 Per-

141 2582 211 2648 side
227 2585 317 2645 erant
331 2579 406 2644 nati.
435 2578 518 2642 Hinc
544 2597 615 2642 cunr
634 2579 733 2642 multa
746 2579 815 2661 regi
830 2586 913 2644 esset
927 2580 1084 2663 pollicitus
1105 2600 1174 2665 gra-
1192 2606 1208 2652 2

141 2678 361 2764 tissimum'que
383 2681 470 2763 illud,
493 2681 520 2746 si
543 2682 607 2746 suis
628 2681 675 2745 uti
694 2682 831 2747 consiliis
850 2683 954 2764 vellet,
978 2684 1065 2748 illum
1081 2683 1174 2748 Grac-

142 2788 225 2854 ciam
244 2785 327 2850 bello
350 2804 582 2869 oppressurum,
604 2785 729 2868 magnis
744 2786 925 2852 muneribus
940 2785 982 2850 ab
997 2788 1176 2853 Artaxerxe
1253 2789 1256 2794 ’

141 2890 278 2956 donatus
306 2888 340 2952 in
362 2888 471 2954 Asiam
499 2886 595 2953 rediit
623 2887 877 2972 domiciliumque
904 2890 1099 2973 Magnesiae·
1115 2891 1175 2956 sibi

143 2981 314 3060 constituit.
341 2991 487 3074 Namque
508 2991 593 3056 hanc
614 2993 724 3057 urbem
747 2993 776 3057 11
798 3013 855 3058 111
878 2993 1020 3076 donarat,
1042 3014 1123 3078 quae
1146 2995 1175 3059 ei
1193 3015 1209 3064 1

142 3116 259 3182 panem
286 3095 453 3179 praeberet
480 3094 535 3179 (ex
565 3114 628 3177 qna
652 3096 782 3180 regione
809 3097 1032 3182 quinquagena
1057 3099 1177 3163 talenta

143 3199 314 3284 quotannis
328 3196 499 3284 redibant),
521 3198 731 3282 Lampsacum
753 3207 869 3283 autem,
891 3200 976 3267 unde
998 3201 1107 3266 vinum
1129 3221 1177 3267 su-

142 3309 253 3385 meret,
276 3303 419 3386 Myunta,
443 3321 484 3366 cx
500 3321 563 3384 qua
577 3302 741 3386 opsonium
763 3303 903 3370 haberet.
941 3305 1042 3371 Huius
1057 3306 1117 3370 viri
1135 3305 1177 3369 ad

142 3413 284 3473 nostram
310 3405 493 3470 memoriam
519 3412 722 3470 monumenta
752 3414 937 3473 manserunt
962 3408 1025 3474 dno
1051 3410 1178 3493 Magne

143 3511 226 3577 siae:
258 3509 435 3594 sepulcrum
465 3527 564 3593 prope
590 3508 739 3592 oppidum
767 3516 799 3575 et
826 3518 930 3576 statua
951 3513 984 3577 in
1006 3513 1083 3578 soro.
1128 3515 1210 3579 Des

143 3621 244 3681 morte
267 3615 334 3679 eius
356 3611 444 3679 varie
466 3609 551 3696 apud
573 3612 739 3696 plerosque
766 3615 916 3698 scriptum
943 3623 1007 3702 est,
1038 3617 1095 3682 sed
1120 3637 1178 3682 nos

144 3716 282 3783 eundem
297 3715 494 3800 potissimum
508 3713 729 3798 Thucydidem
748 3723 908 3783 auctorem
923 3721 1101 3804 probamus,
1125 3721 1179 3803 qui

143 3821 232 3884 illum
255 3819 300 3882 ait
322 3817 504 3902 Magnesiae
526 3817 634 3884 morbo
660 3825 816 3884 mortuum
839 3839 943 3904 neque
964 3829 1061 3906 negat
1082 3821 1179 3887 fnisse
