2934 4192
435 147 484 202 vr.
504 146 711 202 rasarone.
731 149 753 202 1.
767 149 790 202 a.
804 150 828 204 e.
1105 131 1146 194 21

117 344 201 389 anno
224 321 396 388 confecisse
419 326 550 385 constat.
596 319 634 384 Id
657 339 720 402 qua
741 319 862 384 ratione
889 327 1073 386 consecutus
1096 321 1180 403 sita

117 433 214 512 patet.
258 427 331 491 Non
353 425 437 490 enim
459 424 574 488 virtute
597 424 646 488 sui
673 423 840 505 exercitus,
868 423 925 489 sed
950 422 1148 490 immodestia

117 531 235 595 factum
258 535 305 594 est
327 527 587 608 adversariorum,
611 527 673 610 qui,
698 525 781 608 quod
804 526 887 592 dicto
909 528 1075 592 audientes
1093 527 1147 592 im-

116 633 313 719 peratoribus
335 631 399 698 suis
421 651 488 708 non¹
508 636 607 712 erant,
637 631 753 695 relictis
779 632 915 696 navibus
942 631 1088 715 dispalati
1113 630 1147 695 in
1200 653 1301 724 tossen

115 738 201 822 agris
222 737 257 801 in
278 735 413 800 hostium
436 741 591 799 venerunt
613 740 810 819 potestatem.
857 733 926 811 Quo
948 734 1031 799 facto
1053 735 1147 799 Athe·

115 842 244 906 nienses
266 859 300 905 se
322 837 582 904 Lacedaemoniis
605 836 801 903 dediderunt.
844 839 913 903 Hac
935 838 1066 902 victoria
1087 838 1148 921 Ly·
1166 853 1182 900 a

115 943 232 1010 sander
255 943 365 1023 elatus,
388 962 459 1007 cum
477 947 573 1006 antea
588 961 712 1026 semper
726 941 877 1007 factiosus
891 941 1061 1024 audaxque
1075 941 1149 1006 fuis-

115 1055 175 1129 set,
203 1047 248 1112 sic
275 1045 334 1110 sibi
359 1044 500 1126 indulsit,
528 1051 563 1109 ut
586 1045 652 1110 eius
674 1065 770 1129 opera
791 1045 824 1108 in
847 1045 1021 1109 maximum
1044 1044 1148 1109 odium

115 1148 269 1216 Graeciae
284 1147 528 1214 Lacedaemonii
543 1148 697 1213 venirent.
731 1149 815 1212 Nam
835 1169 905 1213 cum
924 1148 1007 1212 hane
1023 1168 1148 1213 oausam
1167 1163 1183 1210 4

115 1251 360 1320 Lacedaemonii
376 1252 573 1317 dictitassent
588 1251 648 1317 sibi
664 1271 734 1317 esse
753 1252 837 1332 belli,
861 1257 895 1315 ut
909 1251 1149 1316 Atheniensium

114 1359 321 1442 impotentem
348 1353 593 1420 dominationem
619 1353 838 1438 refringerent,
869 1361 1035 1439 postquam
1063 1353 1150 1439 apud

115 1463 224 1544 Aegos
246 1458 363 1522 flumen
385 1457 552 1541 Lysander
579 1457 715 1522 hostiurn
743 1459 843 1522 classe
871 1464 919 1522 est
940 1457 1067 1542 potitus,
1098 1456 1150 1521 hic

115 1564 196 1630 nihil
221 1560 307 1626 aliud
333 1561 458 1626 molitus
482 1566 538 1642 est,
567 1581 661 1642 quam
684 1567 718 1624 ut
739 1581 849 1626 omnes
871 1561 1014 1626 civitates
1037 1562 1069 1625 in
1093 1581 1151 1625 sua

116 1673 239 1734 teneret
254 1671 418 1749 potestate,
442 1685 513 1728 eum
535 1664 568 1729 id
591 1684 625 1730 se
646 1665 966 1730 Lacedaemoniorum
990 1685 1085 1729 causa
1106 1664 1149 1728 fa-

115 1791 188 1838 cere
217 1769 385 1834 simularet.
419 1768 503 1832 Nam
532 1767 680 1850 undique,
711 1769 765 1851 qui
786 1768 1028 1834 Atheniensium
1057 1768 1183 1832 rebuss

114 1873 320 1953 studuissent,
348 1871 456 1936 eiectis
483 1869 593 1936 decem
620 1871 780 1955 deligebat
806 1873 839 1936 in
866 1891 1055 1953 unaquaque
1078 1871 1150 1936 eivi-

114 1983 192 2056 tate,
223 1975 335 2057 quibus
363 1994 519 2039 summurn
545 1975 712 2059 imperium
738 1980 989 2060 potestatemque
1012 1975 1150 2040 omniurn

114 2100 221 2146 rerum
251 2077 467 2142 committeret.
513 2078 606 2142 Hunc
634 2078 668 2142 in
698 2098 863 2142 numerum
890 2099 982 2142 nemo
1009 2078 1151 2143 admitte·

115 2187 220 2264 batur,
247 2181 309 2246 nisi
336 2180 389 2262 qui
415 2186 471 2245 aut
493 2181 560 2245 eius
582 2181 718 2265 hospitio
741 2181 952 2245 contineretur
973 2187 1028 2246 aut
1050 2201 1084 2246 se
1106 2183 1151 2246 illi

116 2288 186 2353 fore
211 2283 382 2350 obnoxium
408 2282 471 2348 fide
499 2283 722 2350 confirmasset.
767 2286 817 2348 Ita
843 2284 1043 2349 decemvirali
1066 2291 1185 2370 pote-2

118 2395 201 2456 state
229 2388 262 2452 in
292 2387 437 2452 omnibus
466 2388 596 2453 urbibus
627 2388 795 2452 constituta
824 2388 923 2472 ipsius
945 2395 1023 2453 nutu
1045 2389 1151 2454 omnia

117 2493 318 2578 gerebantur.
364 2490 460 2556 Cuius
491 2490 531 2555 de
561 2489 745 2555 crudelitate
774 2511 812 2556 ac
841 2490 974 2575 perfidia
1004 2492 1080 2557 satis
1103 2500 1151 2558 est

119 2617 215 2662 unam
237 2614 303 2658 rem
327 2593 465 2678 exempli
488 2593 590 2676 gratia
612 2589 762 2677 proferre,
793 2613 834 2658 ne
861 2593 901 2658 de
929 2594 1039 2658 eodem
1061 2596 1151 2680 plura

120 2697 333 2766 enumerando
360 2697 570 2780 defatigemus
596 2697 737 2763 lectores
779 2697 886 2762 Victor
913 2717 954 2762 ex
976 2698 1053 2763 Asia
1080 2708 1184 2764 cumr

120 2808 329 2869 reverteretur
342 2801 545 2882 Thasumque
561 2801 757 2882 devertisset,
781 2800 865 2884 quod
887 2821 925 2866 ea
940 2802 1050 2868 civitas
1065 2823 1151 2889 prae·

121 2908 214 2992 oipua
238 2904 301 2970 fide
328 2905 430 2970 fuerat
452 2925 528 2988 erga
549 2905 768 2986 Athenienses
795 2905 927 2990 proinde
949 2927 986 2971 ac
1008 2907 1034 2970 si
1055 2906 1151 2971 iidem

121 3031 184 3076 non
207 3008 377 3073 firmissimi
400 3009 537 3086 solerent
560 3029 629 3074 csse
652 3008 754 3090 amici,
786 3009 839 3090 qui
870 3015 1049 3075 constantes
1079 3010 1151 3076 fuis·
1245 3013 1248 3018 '

122 3120 192 3180 sent
221 3111 350 3193 inimici,
379 3119 560 3196 pervertere
590 3133 659 3177 eam
690 3113 877 3197 concupivit.
923 3112 1010 3177 Vidit
1035 3119 1185 3194 autem,3

123 3218 183 3282 nisi
203 3217 237 3281 in
261 3235 297 3280 eo
320 3201 506 3281 occultasset
528 3216 731 3297 voluntatem,
756 3215 903 3296 futurum,
927 3221 961 3279 ut
978 3215 1087 3280 Thasii
1109 3215 1152 3280 di-

121 3322 301 3386 laberentur
323 3319 583 3401 consulerentque
609 3319 703 3383 rebus
731 3319 795 3384 suis
812 3370 818 3382 .
836 3370 843 3382 .
862 3370 893 3383 ..
925 3321 1034 3400 ltaque
1056 3319 1079 3383 ii
1102 3318 1185 3384 de-3

123 3423 321 3489 cemviralem
351 3427 538 3506 potestatem
568 3422 608 3486 ab
627 3422 691 3486 'illo
722 3423 921 3488 constitutam
951 3411 1151 3487 sustulerunt.

124 3528 193 3606 Quo
220 3526 325 3591 dolore
351 3526 499 3590 incensus
526 3525 597 3589 iniit
623 3526 752 3590 consilia
778 3546 869 3609 reges
891 3525 1153 3591 Lacedaemonio-

123 3652 192 3696 rum
214 3630 331 3694 tollere.
366 3627 429 3694 Sed
452 3629 608 3694 sentiebat
630 3628 663 3692 id
686 3649 720 3694 se
743 3630 811 3694 sine
830 3651 889 3714 ope
905 3629 1033 3694 deorum
1049 3629 1152 3696 facere

124 3754 187 3798 non
210 3752 312 3816 posse,
336 3731 421 3814 quod
434 3729 676 3798 Lacedaemonii
699 3732 804 3796 omnia
826 3731 867 3796 ad
890 3729 1015 3796 oracula
1036 3733 1152 3797 referre
