2890 4196
293 266 356 320 xx.
376 265 572 321 'rruonnou-
589 269 613 323 s.
641 265 718 320 xxr.
737 267 786 320 nn
804 265 972 322 uncinus.
993 273 1015 323 r.
1131 251 1171 316 83

139 439 215 504 fecit
236 440 357 504 omnia:
381 419 442 521 quo
467 438 586 503 factum
610 445 667 520 est,
690 446 725 503 ut
748 459 819 503 eum
841 438 926 504 diem
948 440 1063 505 festum
1079 441 1172 506 habe-

140 549 187 607 ret
208 543 358 609 universa
382 543 498 608 Sicilia.
608 575 611 580 ·

243 646 324 710 Huic
347 635 476 728 quidam
497 645 702 729 Laphystius,
729 646 823 710 homo
846 647 991 729 petulans
1015 655 1046 710 et
1068 647 1204 730 ingre-2

140 757 197 832 tus,
229 749 447 814 vadimonium
478 768 549 813 cum
580 749 676 813 vellet
704 749 877 832 imponere,
909 748 992 831 quod
1023 770 1093 813 cum
1119 751 1171 813 illo

138 856 208 936 lege
236 873 271 917 se
297 870 393 935 agere
421 851 553 932 diceret,
586 858 617 916 et
645 853 820 936 complures
848 852 1086 933 concurrissent,
1119 854 1170 934 qui

138 956 361 1040 procacitatem
388 954 525 1020 hominis
551 955 698 1020 manibus
725 947 868 1020 coercere
895 963 1095 1036 conarentur,
1123 958 1171 1019 Ti-

140 1060 260 1124 moleon
284 1058 386 1123 oravit
412 1057 565 1138 homines,
594 1078 635 1122 ne
661 1056 695 1121 id
717 1057 866 1123 iacerent.
911 1060 1057 1140 Namque
1079 1059 1112 1122 id
1138 1068 1173 1123 ut

138 1161 315 1247 Laphystio
338 1168 370 1226 et
393 1161 492 1226 cuivis
514 1161 632 1241 liceret,
659 1161 815 1226 maximos
837 1181 871 1226 se
893 1162 1017 1226 labores
1040 1181 1171 1226 summa-

139 1285 200 1347 que
222 1265 327 1330 adisse
348 1264 497 1348 pericula.
532 1264 625 1327 Hanc
647 1262 732 1327 enim
754 1264 893 1347 speciem
914 1265 1069 1328 libertatis
1092 1283 1171 1343 esse,

139 1369 165 1433 si
188 1368 343 1449 omnibus,
367 1365 451 1448 quod
474 1366 607 1448 quisque
629 1366 733 1445 vellet,
758 1366 1039 1450 legibussexperiri
1055 1368 1170 1431 liceret.

139 1471 237 1551 ldem,
262 1490 332 1534 cum
348 1468 477 1551 quidam
488 1469 656 1552 Laphystii
671 1469 791 1549 similis,
807 1469 935 1534 nomine
946 1471 1169 1549 Demaenetus,
1189 1487 1205 1534 3

138 1575 171 1637 in
200 1573 346 1640 contione
372 1572 480 1655 populi
508 1572 547 1636 de
574 1574 669 1637 rebus
694 1573 793 1656 gestis
820 1573 887 1637 eius
913 1571 1079 1637 detrahere
1107 1593 1172 1637 coe-

140 1677 238 1761 pisset
260 1695 298 1740 ac
319 1675 472 1740 nonnulla
492 1675 694 1740 inveheretur
708 1676 742 1740 in
757 1675 963 1756 Timoleonta,
987 1674 1068 1740 dixit
1089 1697 1173 1749 nunc

141 1781 267 1844 demum
290 1779 411 1844 scroti
435 1796 504 1844 esse
527 1778 725 1843 damnatum:
753 1799 892 1860 namque
918 1779 978 1844 hoc
1004 1779 1093 1843 adis
1119 1781 1175 1844 im-

56 1949 59 1956 ,
141 1883 323 1947 mortalibus
353 1901 478 1966 semper
499 1889 672 1965 precatum,
700 1888 735 1946 ut
761 1883 856 1946 talem
883 1882 1061 1947 hbertatem
1088 1883 1173 1947 resti-

141 1992 242 2051 tueret
257 1986 474 2070 Syracusanis,
498 1986 531 2049 in
549 2005 610 2067 qua
626 1985 726 2050 cuivis
741 1984 782 2050 de
798 1987 945 2068 quolibet,
970 1986 1053 2068 quod
1068 1988 1171 2066 vellet,

142 2091 271 2173 impune
293 2088 398 2153 dicere
419 2089 536 2153 liceret.

243 2192 335 2256 Diem
359 2212 538 2276 supremum
554 2212 625 2256 cum
640 2192 767 2273 obisset,
791 2194 917 2277 publice
931 2214 952 2257 a
968 2194 1174 2276 Syracusanis
1192 2216 1209 2261 4
1227 2227 1321 2268 aanor

142 2297 173 2359 in
201 2296 380 2379 gymnasio,
408 2295 492 2377 quod
514 2295 764 2360 Timoleonteum
791 2298 976 2380 appellatur,
1005 2303 1071 2361 tota
1097 2297 1173 2360 cele·

143 2401 253 2464 brante
276 2398 383 2463 Sicilia
406 2399 546 2482 sepultus
569 2406 625 2464 est.

245 2502 334 2564 XXI.
369 2502 420 2564 Da
442 2526 584 2567 aramus.
619 2504 661 2568 Hi
688 2505 754 2568 fere
778 2504 918 2569 Graecae
940 2503 1045 2586 gentis
1067 2502 1207 2582 duces,1

144 2606 196 2692 qui
225 2605 375 2669 memoria
405 2604 494 2686 digni
523 2605 698 2687 videantur,
729 2613 855 2690 praeter
882 2625 983 2688 reges.
1028 2606 1174 2687 Namque

144 2728 196 2773 eos
223 2708 379 2788 attingere
405 2708 571 2789 noluimus,
600 2709 683 2791 quod
709 2709 848 2774 omnium
874 2729 926 2773 res
952 2715 1177 2794 gestaeysepas

143 2813 234 2875 ratim
257 2817 330 2875 sunt
351 2810 479 2874 relatae.
502 2812 614 2894 Neque
637 2818 743 2876 tamen
765 2812 788 2876 ii
803 2811 971 2876 admodum
988 2813 1077 2875 multi
1092 2820 1173 2877 sunt.

143 2913 415 2982 Lacedaemonius
441 2920 547 2978 autem
570 2915 736 2997 Agesilaus
763 2916 899 2997 nomine,
927 2935 992 2981 non
1018 2921 1209 3000 potestaten

144 3017 203 3081 fuit
223 3037 291 3096 rex,
315 3016 396 3080 siout
417 3017 512 3081 ceteri
535 3018 692 3101 Spartani.
720 3020 770 3083 Ex
793 3019 839 3084 eis
861 3038 945 3099 uero,
969 3018 1023 3101 qui
1038 3017 1176 3084 domina·

145 3129 209 3183 tum
237 3140 307 3184 curn
333 3119 465 3203 imperio
488 3127 666 3202 tenuerunt,
695 3123 951 3188 excellentissimi
978 3122 1113 3202 fuerunt,
1141 3129 1176 3186 ut

145 3243 201 3288 nos
229 3222 420 3303 iudicamus,
454 3224 620 3289 Persarum
650 3225 753 3308 Cyrus
783 3233 815 3290 et
844 3227 972 3307 Darius,
1006 3227 1175 3311 Hystaspis

144 3326 239 3409 filius;
265 3345 395 3407 quorum
417 3333 549 3408 uterque
563 3329 705 3411 privatus
728 3328 843 3393 virtute
858 3349 991 3420 regnum
1014 3337 1062 3394 est
1083 3329 1176 3412 adep·

104 3463 106 3468 .
145 3437 204 3494 tus.
249 3429 337 3493 Prior
365 3428 475 3494 horum
501 3429 586 3514 apud
616 3432 812 3516 Massagetas
838 3433 871 3497 in
901 3433 1018 3515 proelio
1050 3434 1173 3514 cecidit;

144 3532 259 3597 Darius
281 3539 443 3597 senectute
466 3532 549 3597 diem
572 3534 650 3598 obiit
671 3554 860 3618 supremum.
895 3538 972 3602 Tres
995 3546 1069 3602 sunt
1089 3559 1175 3623 prae·
1194 3554 1209 3598 3

146 3643 232 3699 terea
262 3635 403 3715 eiusdem
433 3637 551 3718 gentis:
581 3637 707 3703 Xerxes
734 3645 766 3703 et
792 3638 854 3703 duo
876 3641 1084 3723 Artaxerxae,
1114 3642 1189 3706 Ma.

146 3738 266 3802 crochir
308 3740 493 3823 cognomine
535 3746 566 3804 et
606 3741 762 3806 Mnemon.
815 3744 916 3807 Xerxi
953 3747 1092 3810 maxime
1129 3754 1176 3812 cst

147 3842 273 3922 illustre,
308 3842 392 3923 quod
418 3843 566 3907 maximis
594 3852 663 3927 post
690 3844 852 3910 hominum
879 3849 1060 3912 memoriam
1091 3869 1174 3914 exer·
1284 3853 1286 3859 ⁴

472 3947 476 3955 .
990 3950 1021 3998 6,
