2890 4196
495 151 586 205 XXV.
605 151 778 207 ATTIOUS.
797 155 821 208 6.
835 155 858 206 7.
1135 138 1193 200 101

163 331 319 409 potestate
346 324 549 389 existimabat
572 344 651 405 esso,
682 324 735 405 qui
762 343 797 388 se
823 324 873 388 his
900 324 1070 405 dedissent,
1102 346 1196 407 quam

165 429 217 510 qui
240 429 406 492 maritimis
424 428 633 516 laetarentur.
679 428 823 492 Honores
850 448 914 492 non
940 429 1040 512 potiit,
1069 449 1139 493 cum
1167 429 1230 494 eia

122 561 126 567 ·
163 538 309 615 paterent
329 532 382 596 vel
404 530 508 613 gratia
529 531 582 595 vcl
604 530 769 614 dignitate,
793 531 876 613 quod
899 551 1001 613 neque
1024 533 1088 615 peti
1111 552 1196 596 more

164 636 314 700 maiorum
342 653 446 716 neque
469 632 540 717 capi
561 641 692 718 possent
715 633 908 698 conservatis
930 633 1053 717 legibus
1075 635 1109 698 in
1131 640 1197 698 tam

164 737 271 802 effusis
293 737 431 802 ambitus
445 737 665 820 largitionibus
679 756 784 818 neque
805 737 873 820 geri
895 757 913 801 e
935 757 969 801 re
988 737 1114 820 publica
1129 737 1197 802 sino

164 841 302 924 periculo
325 839 477 924 corruptis
500 839 637 904 civitatis
660 839 808 906 moribus.
832 839 883 904 Ad
898 839 1022 906 hastam
1038 839 1196 924 publicam
1215 866 1231 913 3

164 965 335 1026 numquam
358 944 500 1009 accessit.
532 944 658 1009 Nullius
678 945 725 1008 rei
748 963 851 1026 neque
872 963 965 1027 praes
987 963 1090 1026 neque
1112 963 1198 1006 man-

165 1067 239 1132 ceps
253 1048 355 1112 factus
371 1053 428 1112 est.
458 1048 626 1112 Neminem
649 1067 753 1130 neque
775 1067 831 1112 suo
854 1047 981 1112 nomine
1003 1066 1106 1129 neque
1128 1048 1198 1112 sub·

164 1152 305 1218 scribens
326 1151 504 1234 accusavit3
531 1151 565 1214 in
587 1151 636 1214 ius
659 1148 700 1215 de
722 1170 779 1216 sua
800 1171 835 1215 re
858 1171 1029 1232 numquam
1043 1149 1093 1233 iit3
1121 1148 1198 1213 iudi-

165 1255 246 1320 cium
273 1255 392 1319 nullum
420 1253 538 1318 habuit.
584 1254 750 1318 Multorum
774 1254 935 1318 consulum
956 1260 1233 1338 praetorumquer

164 1357 379 1441 praefecturas
402 1355 523 1421 delatas
545 1356 591 1422 sic
613 1357 745 1441 accepit,
772 1363 807 1420 ut
833 1356 993 1421 neminem
1020 1357 1053 1420 in
1076 1357 1198 1440 provin-

165 1463 246 1526 ciam
272 1461 313 1526 sit
335 1467 470 1541 secutus,
500 1460 618 1525 honore
640 1460 735 1524 suerit
758 1466 932 1540 contentus,
961 1461 1008 1524 rei
1035 1459 1198 1524 familiaris

164 1564 346 1648 despexerit
367 1564 518 1648 fructum3
542 1563 596 1646 qui
618 1581 659 1627 ne
682 1583 752 1627 cum
776 1562 814 1638 Q.
831 1563 958 1645 quidem
975 1564 1126 1628 Cicerone
1147 1583 1199 1627 vo·
1332 1639 1335 1646 .

163 1669 256 1733 luerit
278 1668 323 1732 i're
345 1667 379 1731 in
395 1667 513 1747 Asiam,
537 1687 608 1731 cum
630 1666 716 1749 apud
739 1687 811 1731 eum
826 1667 923 1748 legati
938 1667 1041 1730 locum
1057 1665 1198 1730 obtinere
1250 1689 1339 1733 araon.

163 1777 280 1856 posset.
317 1771 390 1835 Non
407 1771 490 1835 enim
506 1769 618 1835 decere
632 1789 668 1835 sc
682 1770 902 1849 arbitrabatur,
926 1772 997 1834 cum
1019 1775 1198 1852 praeturam

163 1894 273 1958 gerere
288 1873 449 1953 noluisset,
471 1873 625 1938 asseclam
641 1892 710 1938 esse
734 1873 895 1956 praetoris.
931 1871 1001 1948 Qua
1023 1873 1056 1935 in
1078 1891 1113 1936 rc
1135 1892 1198 1937 non

164 1978 263 2044 solum
290 1976 437 2060 dignitati
467 1975 635 2055 serviebat,
663 1974 719 2040 scd
747 1975 842 2040 etiam
868 1975 1095 2057 tranquillitati,
1128 1995 1198 2041 cum

165 2079 359 2164 suspiciones
382 2097 506 2161 quoquo
528 2077 642 2143 vitaret
658 2079 831 2142 criminum.
867 2077 937 2154 Quo
951 2077 1058 2159 fiebat,
1080 2084 1116 2143 ut
1131 2079 1232 2147 ciust

164 2182 366 2248 observantia
388 2180 534 2246 omnibus
557 2187 640 2246 esset
662 2181 771 2262 carior,
799 2202 870 2246 cum
898 2201 967 2247 cam
994 2181 1107 2262 officio,
1135 2201 1197 2246 non
1296 2251 1298 2258 ,

164 2286 268 2350 timori
290 2305 392 2367 neque
416 2285 483 2368 spei
506 2285 600 2349 tribui
623 2284 776 2350 viderent.

267 2387 383 2452 Incidit
406 2388 631 2453 Caesarianum
662 2388 753 2452 civile
784 2389 910 2452 bellum.
957 2389 1036 2454 Cum
1065 2387 1231 2458 baberett

164 2511 266 2557 annos
288 2491 410 2556 circiter
432 2490 610 2572 sexaginta,
634 2509 709 2558 usus
725 2496 773 2554 est
786 2490 900 2554 aetatis
915 2489 1080 2554 vacatione
1095 2510 1198 2572 neque

166 2616 200 2661 se
223 2613 380 2676 quoquam
402 2593 501 2657 movit
523 2612 564 2656 ex
585 2593 673 2657 urbe.
697 2590 787 2667 Quae
808 2592 919 2656 amicis
942 2592 1007 2656 suis
1029 2611 1108 2675 opus
1129 2591 1198 2656 fue-

165 2705 236 2763 rant
258 2696 301 2761 ad
315 2694 500 2779 Pompeium
523 2693 803 2779 proficiscentibus,
827 2695 934 2759 omnia
955 2714 997 2759 cx
1019 2715 1076 2759 sua
1098 2715 1133 2760 re
1154 2695 1198 2760 fa-

165 2800 280 2866 miliari
310 2799 406 2879 dedit,
437 2799 540 2881 ipsum
563 2797 758 2881 Pompeium,
787 2796 870 2880 quod
897 2803 1022 2864 secutus
1049 2818 1113 2863 non
1141 2807 1198 2880 est,

165 2925 229 2970 non
258 2901 398 2968 offendit.
444 2902 572 2966 Nullum
602 2901 643 2965 ab
675 2921 711 2966 eo
738 2901 878 2966 habebat
906 2909 1134 2982 ornamentum,
1165 2909 1231 2970 uta

166 3007 270 3086 ceteri,
299 3007 352 3088 qui
378 3025 435 3089 per
462 3025 533 3070 eum
560 3010 615 3068 aut
642 3003 776 3069 honores
802 3010 856 3068 aut
884 3002 1010 3069 divitias
1033 3013 1196 3089 ceperant,

160 3110 219 3193 'qui
241 3109 356 3193 partim
377 3107 558 3173 invitissimi
581 3114 684 3172 castra
705 3115 778 3172 sunt
801 3108 909 3187 secuti,
936 3108 1049 3190 partim
1077 3127 1198 3172 summa

166 3234 237 3280 oum
260 3213 328 3277 eius
355 3211 528 3276 offensione
554 3210 639 3275 domi
666 3216 891 3275 remanserunt.
938 3210 1065 3276 Caesari
1093 3216 1198 3275 autem
1216 3211 1242 3280 3'

165 3315 261 3382 Attici
285 3316 372 3397 quies
388 3320 581 3399 tanto-opere
601 3314 661 3378 fuit
675 3321 775 3397 grata,
798 3320 834 3378 ut
849 3315 957 3394 victor,
981 3334 1052 3378 oum
1066 3315 1197 3397 privatis

165 3419 316 3504 pecunias
331 3439 387 3502 per·
403 3418 552 3501 epistulas
567 3418 745 3500 imperaret,
766 3418 839 3483 huic
855 3438 918 3482 non
935 3420 1034 3484 solum
1049 3420 1197 3484 molestus

165 3543 229 3586 non
252 3521 356 3601 fuerit,
380 3521 437 3586 sed
461 3521 556 3585 etiam
579 3520 693 3586 sororis
714 3520 813 3585 filium
837 3526 869 3585 et
890 3519 927 3596 Q.
950 3522 1132 3586 Ciceronem
1156 3542 1197 3586 ex

165 3624 307 3708 Pompeii
326 3625 436 3690 castris
452 3622 650 3688 concesserit.
675 3622 727 3689 Sic
741 3631 849 3688 vetere
863 3624 1007 3689 instituto
1023 3625 1107 3689 vitae
1124 3625 1197 3689 effu-

166 3729 213 3812 git
234 3747 318 3792 nova
339 3726 488 3810 pericula.
