<?xml version="1.0" encoding="UTF-8"?>
<!DOCTYPE html PUBLIC "-//W3C//DTD XHTML 1.0 Transitional//EN"
    "http://www.w3.org/TR/xhtml1/DTD/xhtml1-transitional.dtd">
<html xmlns="http://www.w3.org/1999/xhtml" xml:lang="en" lang="en">
 <head>
  <title>
</title>
<meta http-equiv="Content-Type" content="text/html;charset=utf-8" />
  <meta name='ocr-system' content='tesseract 3.04.00' />
  <meta name='ocr-capabilities' content='ocr_page ocr_carea ocr_par ocr_line ocrx_word'/>
</head>
<body>
  <div class='ocr_page' id='page_1' title='image "./vitae00nepogoog_0086.png"; bbox 0 0 2934 4192; ppageno 0'>
   <div class='ocr_carea' id='block_1_1' title="bbox 285 119 1002 190">
    <p class='ocr_par' dir='ltr' id='par_1_1' title="bbox 285 119 1002 190">
     <span class='ocr_line' id='line_1_1' title="bbox 285 119 1002 190; baseline 0.011 -8"><span class='ocrx_word' id='word_1_1' title='bbox 285 119 327 183; x_wconf 77' lang='grc'>62</span> <span class='ocrx_word' id='word_1_2' title='bbox 606 133 683 188; x_wconf 87' lang='lat' dir='ltr'>XVI.</span> <span class='ocrx_word' id='word_1_3' title='bbox 701 133 915 190; x_wconf 78' lang='lat' dir='ltr'>PEIoPIDAs.</span> <span class='ocrx_word' id='word_1_4' title='bbox 933 136 958 190; x_wconf 82' lang='lat'>2.</span> <span class='ocrx_word' id='word_1_5' title='bbox 977 137 1002 190; x_wconf 88' lang='grc'>3.</span> 
     </span>
    </p>
   </div>
   <div class='ocr_carea' id='block_1_2' title="bbox 250 306 1324 404">
    <p class='ocr_par' dir='ltr' id='par_1_2' title="bbox 250 267 1447 404">
     <span class='ocr_line' id='line_1_2' title="bbox 250 306 1324 404; baseline -0.002 -31"><span class='ocrx_word' id='word_1_6' title='bbox 250 307 415 392; x_wconf 84' lang='lat' dir='ltr'>aepulari.</span> <span class='ocrx_word' id='word_1_7' title='bbox 460 306 606 404; x_wconf 67' lang='lat' dir='ltr'>Magnae⁸</span> <span class='ocrx_word' id='word_1_8' title='bbox 625 325 722 391; x_wconf 82' lang='lat' dir='ltr'><strong>saepe</strong></span> <span class='ocrx_word' id='word_1_9' title='bbox 747 324 799 372; x_wconf 93' lang='lat' dir='ltr'>res</span> <span class='ocrx_word' id='word_1_10' title='bbox 824 326 888 372; x_wconf 92' lang='lat' dir='ltr'>non</span> <span class='ocrx_word' id='word_1_11' title='bbox 913 306 959 371; x_wconf 87' lang='lat' dir='ltr'>ita</span> <span class='ocrx_word' id='word_1_12' title='bbox 980 307 1106 392; x_wconf 86' lang='lat' dir='ltr'>magnis</span> <span class='ocrx_word' id='word_1_13' title='bbox 1128 308 1228 392; x_wconf 90' lang='lat' dir='ltr'>copiis</span> <span class='ocrx_word' id='word_1_14' title='bbox 1249 315 1324 374; x_wconf 88' lang='lat' dir='ltr'>sunt</span> 
     </span>
    </p>
   </div>
   <div class='ocr_carea' id='block_1_3' title="bbox 284 408 1447 699">
    <p class='ocr_par' dir='ltr' id='par_1_3' title="bbox 284 408 1447 699">
     <span class='ocr_line' id='line_1_3' title="bbox 284 408 1447 494; baseline 0.001 -19"><span class='ocrx_word' id='word_1_15' title='bbox 284 417 408 494; x_wconf 84' lang='lat' dir='ltr'>gestae3</span> <span class='ocrx_word' id='word_1_16' title='bbox 439 408 495 476; x_wconf 90' lang='lat' dir='ltr'>sed</span> <span class='ocrx_word' id='word_1_17' title='bbox 521 409 662 493; x_wconf 89' lang='lat' dir='ltr'>profecto</span> <span class='ocrx_word' id='word_1_18' title='bbox 687 429 861 492; x_wconf 83' lang='lat' dir='ltr'>numquam</span> <span class='ocrx_word' id='word_1_19' title='bbox 882 415 948 474; x_wconf 90' lang='lat' dir='ltr'>tam</span> <span class='ocrx_word' id='word_1_20' title='bbox 969 410 1011 474; x_wconf 91' lang='lat' dir='ltr'>ab</span> <span class='ocrx_word' id='word_1_21' title='bbox 1034 411 1123 475; x_wconf 93' lang='lat' dir='ltr'>tenui</span> <span class='ocrx_word' id='word_1_22' title='bbox 1143 411 1234 477; x_wconf 87' lang='lat' dir='ltr'>initio</span> <span class='ocrx_word' id='word_1_23' title='bbox 1255 417 1324 476; x_wconf 88' lang='lat' dir='ltr'>tan-</span> <span class='ocrx_word' id='word_1_24' title='bbox 1446 423 1447 492; x_wconf 63' lang='lat' dir='ltr'>l</span> 
     </span>
     <span class='ocr_line' id='line_1_4' title="bbox 284 512 1324 598; baseline 0.002 -20"><span class='ocrx_word' id='word_1_25' title='bbox 284 519 337 578; x_wconf 90' lang='lat' dir='ltr'>tae</span> <span class='ocrx_word' id='word_1_26' title='bbox 359 533 435 598; x_wconf 91' lang='lat' dir='ltr'>opes</span> <span class='ocrx_word' id='word_1_27' title='bbox 458 519 532 578; x_wconf 89' lang='lat' dir='ltr'>sunt</span> <span class='ocrx_word' id='word_1_28' title='bbox 553 513 749 598; x_wconf 85' lang='lat' dir='ltr'>profligatae.</span> <span class='ocrx_word' id='word_1_29' title='bbox 794 514 878 577; x_wconf 88' lang='lat' dir='ltr'>Nam</span> <span class='ocrx_word' id='word_1_30' title='bbox 904 512 1071 578; x_wconf 80' lang='lat' dir='ltr'>duodecim</span> <span class='ocrx_word' id='word_1_31' title='bbox 1093 513 1324 580; x_wconf 78' lang='lat' dir='ltr'>adulescentuli</span> 
     </span>
     <span class='ocr_line' id='line_1_5' title="bbox 285 617 1447 699; baseline -0.001 -17"><span class='ocrx_word' id='word_1_32' title='bbox 285 618 427 683; x_wconf 88' lang='lat' dir='ltr'>coierunt</span> <span class='ocrx_word' id='word_1_33' title='bbox 456 637 497 683; x_wconf 84' lang='lat' dir='ltr'>ex</span> <span class='ocrx_word' id='word_1_34' title='bbox 527 617 582 698; x_wconf 89' lang='lat' dir='ltr'>eis,</span> <span class='ocrx_word' id='word_1_35' title='bbox 613 618 667 699; x_wconf 90' lang='lat' dir='ltr'>qui</span> <span class='ocrx_word' id='word_1_36' title='bbox 694 617 790 682; x_wconf 85' lang='lat' dir='ltr'>exilio</span> <span class='ocrx_word' id='word_1_37' title='bbox 818 624 908 682; x_wconf 89' lang='lat' dir='ltr'>erant</span> <span class='ocrx_word' id='word_1_38' title='bbox 934 619 1067 699; x_wconf 85' lang='lat' dir='ltr'>multati,</span> <span class='ocrx_word' id='word_1_39' title='bbox 1098 638 1169 683; x_wconf 89' lang='lat' dir='ltr'>curn</span> <span class='ocrx_word' id='word_1_40' title='bbox 1194 618 1323 683; x_wconf 92' lang='lat' dir='ltr'>omnino</span> <span class='ocrx_word' id='word_1_41' title='bbox 1446 625 1447 634; x_wconf 78' lang='grc'>’</span> 
     </span>
    </p>
   </div>
   <div class='ocr_carea' id='block_1_4' title="bbox 249 721 1323 1531">
    <p class='ocr_par' dir='ltr' id='par_1_4' title="bbox 249 721 1323 1531">
     <span class='ocr_line' id='line_1_6' title="bbox 284 721 1322 805; baseline 0 -19"><span class='ocrx_word' id='word_1_42' title='bbox 284 741 348 786; x_wconf 93' lang='lat' dir='ltr'>non</span> <span class='ocrx_word' id='word_1_43' title='bbox 370 727 477 786; x_wconf 89' lang='lat' dir='ltr'>essent</span> <span class='ocrx_word' id='word_1_44' title='bbox 498 721 633 805; x_wconf 93' lang='lat' dir='ltr'>amplius</span> <span class='ocrx_word' id='word_1_45' title='bbox 655 727 792 803; x_wconf 91' lang='lat' dir='ltr'>centum,</span> <span class='ocrx_word' id='word_1_46' title='bbox 823 722 877 805; x_wconf 91' lang='lat' dir='ltr'>qui</span> <span class='ocrx_word' id='word_1_47' title='bbox 904 727 992 786; x_wconf 88' lang='lat' dir='ltr'>tanto</span> <span class='ocrx_word' id='word_1_48' title='bbox 1015 742 1049 788; x_wconf 93' lang='lat' dir='ltr'>se</span> <span class='ocrx_word' id='word_1_49' title='bbox 1071 723 1221 787; x_wconf 87' lang='lat' dir='ltr'>offerrent</span> <span class='ocrx_word' id='word_1_50' title='bbox 1242 723 1322 805; x_wconf 90' lang='lat' dir='ltr'>peri-</span> 
     </span>
     <span class='ocr_line' id='line_1_7' title="bbox 285 824 1323 910; baseline -0.002 -20"><span class='ocrx_word' id='word_1_51' title='bbox 285 825 363 891; x_wconf 92' lang='lat' dir='ltr'>culo.</span> <span class='ocrx_word' id='word_1_52' title='bbox 409 824 481 902; x_wconf 84' lang='lat' dir='ltr'>Qua</span> <span class='ocrx_word' id='word_1_53' title='bbox 506 826 666 910; x_wconf 87' lang='lat' dir='ltr'>paucitate</span> <span class='ocrx_word' id='word_1_54' title='bbox 687 825 834 909; x_wconf 91' lang='lat' dir='ltr'>perculsa</span> <span class='ocrx_word' id='word_1_55' title='bbox 855 830 904 890; x_wconf 89' lang='lat' dir='ltr'>est</span> <span class='ocrx_word' id='word_1_56' title='bbox 925 824 1248 891; x_wconf 79' lang='lat' dir='ltr'>Lacedaemoniorum</span> <span class='ocrx_word' id='word_1_57' title='bbox 1269 845 1323 908; x_wconf 84' lang='lat' dir='ltr'>po</span> 
     </span>
     <span class='ocr_line' id='line_1_8' title="bbox 249 928 1323 1013; baseline 0.003 -24"><span class='ocrx_word' id='word_1_58' title='bbox 249 928 393 995; x_wconf 65' lang='lat' dir='ltr'>utentia.</span> <span class='ocrx_word' id='word_1_59' title='bbox 423 929 475 994; x_wconf 90' lang='lat' dir='ltr'>Illi</span> <span class='ocrx_word' id='word_1_60' title='bbox 495 929 580 994; x_wconf 89' lang='lat' dir='ltr'>onim</span> <span class='ocrx_word' id='word_1_61' title='bbox 599 948 664 994; x_wconf 93' lang='lat' dir='ltr'>non</span> <span class='ocrx_word' id='word_1_62' title='bbox 682 929 785 1013; x_wconf 83' lang='lat' dir='ltr'>magis</span> <span class='ocrx_word' id='word_1_63' title='bbox 800 928 1052 994; x_wconf 88' lang='lat' dir='ltr'>adversariorum</span> <span class='ocrx_word' id='word_1_64' title='bbox 1073 928 1205 995; x_wconf 79' lang='lat' dir='ltr'>factioni</span> <span class='ocrx_word' id='word_1_65' title='bbox 1227 948 1323 1011; x_wconf 91' lang='lat' dir='ltr'>quam</span> 
     </span>
     <span class='ocr_line' id='line_1_9' title="bbox 284 1031 1322 1117; baseline -0.005 -17"><span class='ocrx_word' id='word_1_66' title='bbox 284 1032 449 1117; x_wconf 83' lang='lat' dir='ltr'>Spartanis</span> <span class='ocrx_word' id='word_1_67' title='bbox 479 1052 516 1098; x_wconf 94' lang='lat' dir='ltr'>eo</span> <span class='ocrx_word' id='word_1_68' title='bbox 546 1039 688 1116; x_wconf 89' lang='lat' dir='ltr'>tempore</span> <span class='ocrx_word' id='word_1_69' title='bbox 717 1033 835 1098; x_wconf 90' lang='lat' dir='ltr'>bellum</span> <span class='ocrx_word' id='word_1_70' title='bbox 863 1032 1046 1114; x_wconf 89' lang='lat' dir='ltr'>intulerunt,</span> <span class='ocrx_word' id='word_1_71' title='bbox 1080 1033 1135 1114; x_wconf 92' lang='lat' dir='ltr'>qui</span> <span class='ocrx_word' id='word_1_72' title='bbox 1163 1031 1322 1116; x_wconf 83' lang='lat' dir='ltr'>principes</span> 
     </span>
     <span class='ocr_line' id='line_1_10' title="bbox 286 1121 1322 1224; baseline -0.001 -24"><span class='ocrx_word' id='word_1_73' title='bbox 286 1141 375 1200; x_wconf 91' lang='lat' dir='ltr'>erant</span> <span class='ocrx_word' id='word_1_74' title='bbox 401 1135 497 1201; x_wconf 93' lang='lat' dir='ltr'>totius</span> <span class='ocrx_word' id='word_1_75' title='bbox 524 1135 690 1224; x_wconf 60' lang='lat' dir='ltr'>Graeciam</span> <span class='ocrx_word' id='word_1_76' title='bbox 721 1121 853 1218; x_wconf 88' lang='lat' dir='ltr'>quorum</span> <span class='ocrx_word' id='word_1_77' title='bbox 878 1135 1003 1220; x_wconf 91' lang='lat' dir='ltr'>imperii</span> <span class='ocrx_word' id='word_1_78' title='bbox 1029 1135 1189 1218; x_wconf 89' lang='lat' dir='ltr'>maiestas,</span> <span class='ocrx_word' id='word_1_79' title='bbox 1219 1154 1322 1217; x_wconf 89' lang='lat' dir='ltr'>neque</span> 
     </span>
     <span class='ocr_line' id='line_1_11' title="bbox 284 1238 1323 1324; baseline 0.002 -22"><span class='ocrx_word' id='word_1_80' title='bbox 284 1239 331 1303; x_wconf 89' lang='lat' dir='ltr'>ita</span> <span class='ocrx_word' id='word_1_81' title='bbox 355 1239 454 1303; x_wconf 93' lang='lat' dir='ltr'>multo</span> <span class='ocrx_word' id='word_1_82' title='bbox 479 1244 560 1323; x_wconf 93' lang='lat' dir='ltr'>post,</span> <span class='ocrx_word' id='word_1_83' title='bbox 590 1239 756 1305; x_wconf 87' lang='lat' dir='ltr'>Leuctrica</span> <span class='ocrx_word' id='word_1_84' title='bbox 781 1259 891 1324; x_wconf 82' lang='lat' dir='ltr'>pugna</span> <span class='ocrx_word' id='word_1_85' title='bbox 917 1239 958 1304; x_wconf 90' lang='lat' dir='ltr'>ab</span> <span class='ocrx_word' id='word_1_86' title='bbox 984 1238 1045 1304; x_wconf 93' lang='lat' dir='ltr'>hoc</span> <span class='ocrx_word' id='word_1_87' title='bbox 1066 1239 1157 1304; x_wconf 91' lang='lat' dir='ltr'>initio</span> <span class='ocrx_word' id='word_1_88' title='bbox 1178 1239 1323 1323; x_wconf 89' lang='lat' dir='ltr'>perculsa</span> 
     </span>
     <span class='ocr_line' id='line_1_12' title="bbox 253 1340 1322 1427; baseline -0.001 -20"><span class='ocrx_word' id='word_1_89' title='bbox 253 1340 432 1407; x_wconf 85' lang='lat' dir='ltr'>sconcidit.</span> <span class='ocrx_word' id='word_1_90' title='bbox 478 1342 529 1407; x_wconf 94' lang='lat' dir='ltr'>llli</span> <span class='ocrx_word' id='word_1_91' title='bbox 554 1341 651 1427; x_wconf 85' lang='lat' dir='ltr'>igitur</span> <span class='ocrx_word' id='word_1_92' title='bbox 678 1342 854 1424; x_wconf 90' lang='lat' dir='ltr'>duodecim,</span> <span class='ocrx_word' id='word_1_93' title='bbox 885 1362 1017 1425; x_wconf 92' lang='lat' dir='ltr'>quorum</span> <span class='ocrx_word' id='word_1_94' title='bbox 1047 1341 1114 1406; x_wconf 86' lang='lat' dir='ltr'>dux</span> <span class='ocrx_word' id='word_1_95' title='bbox 1144 1349 1210 1408; x_wconf 88' lang='lat' dir='ltr'>erat</span> <span class='ocrx_word' id='word_1_96' title='bbox 1235 1343 1322 1408; x_wconf 86' lang='lat' dir='ltr'>Pelo</span> 
     </span>
     <span class='ocr_line' id='line_1_13' title="bbox 285 1443 1322 1531; baseline 0 -22"><span class='ocrx_word' id='word_1_97' title='bbox 285 1443 387 1530; x_wconf 86' lang='lat' dir='ltr'>pidns,</span> <span class='ocrx_word' id='word_1_98' title='bbox 409 1445 545 1511; x_wconf 86' lang='lat' dir='ltr'>Athenis</span> <span class='ocrx_word' id='word_1_99' title='bbox 559 1451 634 1511; x_wconf 86' lang='lat' dir='ltr'>ante</span> <span class='ocrx_word' id='word_1_100' title='bbox 648 1446 761 1528; x_wconf 90' lang='lat' dir='ltr'>lucem,</span> <span class='ocrx_word' id='word_1_101' title='bbox 784 1453 818 1511; x_wconf 91' lang='lat' dir='ltr'>ut</span> <span class='ocrx_word' id='word_1_102' title='bbox 833 1452 1078 1531; x_wconf 85' lang='lat' dir='ltr'>vesperascente</span> <span class='ocrx_word' id='word_1_103' title='bbox 1093 1446 1179 1510; x_wconf 89' lang='lat' dir='ltr'>caelo</span> <span class='ocrx_word' id='word_1_104' title='bbox 1194 1444 1322 1510; x_wconf 79' lang='lat' dir='ltr'>Thebas</span> 
     </span>
    </p>
   </div>
   <div class='ocr_carea' id='block_1_5' title="bbox 285 1548 1447 1736">
    <p class='ocr_par' dir='ltr' id='par_1_5' title="bbox 285 1548 1447 1736">
     <span class='ocr_line' id='line_1_14' title="bbox 285 1548 1447 1638; baseline -0.001 -25"><span class='ocrx_word' id='word_1_105' title='bbox 285 1554 415 1633; x_wconf 88' lang='lat' dir='ltr'>possent</span> <span class='ocrx_word' id='word_1_106' title='bbox 435 1549 612 1633; x_wconf 81' lang='lat' dir='ltr'>pervenire,</span> <span class='ocrx_word' id='word_1_107' title='bbox 640 1569 712 1614; x_wconf 94' lang='lat' dir='ltr'>cum</span> <span class='ocrx_word' id='word_1_108' title='bbox 734 1549 866 1638; x_wconf 78' lang='lat' dir='ltr'>canibus</span> <span class='ocrx_word' id='word_1_109' title='bbox 887 1549 1043 1615; x_wconf 87' lang='lat' dir='ltr'>venaticis</span> <span class='ocrx_word' id='word_1_110' title='bbox 1066 1548 1221 1630; x_wconf 85' lang='lat' dir='ltr'>exierunt,</span> <span class='ocrx_word' id='word_1_111' title='bbox 1243 1549 1322 1613; x_wconf 85' lang='lat' dir='ltr'>retia</span> <span class='ocrx_word' id='word_1_112' title='bbox 1446 1615 1447 1624; x_wconf 56' lang='grc'>,</span> 
     </span>
     <span class='ocr_line' id='line_1_15' title="bbox 286 1651 1447 1736; baseline -0.001 -20"><span class='ocrx_word' id='word_1_113' title='bbox 286 1651 424 1718; x_wconf 86' lang='lat' dir='ltr'>ferentes</span> <span class='ocrx_word' id='word_1_114' title='bbox 447 1659 478 1718; x_wconf 91' lang='lat' dir='ltr'>et</span> <span class='ocrx_word' id='word_1_115' title='bbox 500 1652 618 1718; x_wconf 88' lang='lat' dir='ltr'>vestitu</span> <span class='ocrx_word' id='word_1_116' title='bbox 644 1653 773 1735; x_wconf 84' lang='lat' dir='ltr'>agresti,</span> <span class='ocrx_word' id='word_1_117' title='bbox 805 1673 867 1735; x_wconf 92' lang='lat' dir='ltr'>quo</span> <span class='ocrx_word' id='word_1_118' title='bbox 893 1653 1015 1718; x_wconf 91' lang='lat' dir='ltr'>minore</span> <span class='ocrx_word' id='word_1_119' title='bbox 1041 1651 1219 1736; x_wconf 87' lang='lat' dir='ltr'>suspicione</span> <span class='ocrx_word' id='word_1_120' title='bbox 1241 1651 1322 1716; x_wconf 89' lang='lat' dir='ltr'>face·</span> <span class='ocrx_word' id='word_1_121' title='bbox 1446 1651 1447 1686; x_wconf 43' lang='lat' dir='ltr'><strong>ff</strong></span> 
     </span>
    </p>
   </div>
   <div class='ocr_carea' id='block_1_6' title="bbox 251 1755 1325 2871">
    <p class='ocr_par' dir='ltr' id='par_1_6' title="bbox 251 1755 1325 2871">
     <span class='ocr_line' id='line_1_16' title="bbox 284 1755 1321 1841; baseline 0 -21"><span class='ocrx_word' id='word_1_122' title='bbox 284 1760 356 1820; x_wconf 91' lang='lat' dir='ltr'>rent</span> <span class='ocrx_word' id='word_1_123' title='bbox 377 1755 445 1820; x_wconf 89' lang='lat' dir='ltr'>iter.</span> <span class='ocrx_word' id='word_1_124' title='bbox 492 1755 554 1833; x_wconf 84' lang='lat' dir='ltr'>Qui</span> <span class='ocrx_word' id='word_1_125' title='bbox 576 1776 648 1821; x_wconf 93' lang='lat' dir='ltr'>cum</span> <span class='ocrx_word' id='word_1_126' title='bbox 669 1759 810 1840; x_wconf 84' lang='lat' dir='ltr'>tempore</span> <span class='ocrx_word' id='word_1_127' title='bbox 832 1756 911 1840; x_wconf 90' lang='lat' dir='ltr'>ipso,</span> <span class='ocrx_word' id='word_1_128' title='bbox 942 1776 1004 1838; x_wconf 89' lang='lat' dir='ltr'>quo</span> <span class='ocrx_word' id='word_1_129' title='bbox 1030 1755 1225 1838; x_wconf 87' lang='lat' dir='ltr'>studuerant,</span> <span class='ocrx_word' id='word_1_130' title='bbox 1255 1777 1321 1841; x_wconf 88' lang='lat' dir='ltr'>per-</span> 
     </span>
     <span class='ocr_line' id='line_1_17' title="bbox 285 1857 1322 1943; baseline 0 -19"><span class='ocrx_word' id='word_1_131' title='bbox 285 1859 458 1941; x_wconf 86' lang='lat' dir='ltr'>venissent,</span> <span class='ocrx_word' id='word_1_132' title='bbox 481 1857 610 1924; x_wconf 94' lang='lat' dir='ltr'>domum</span> <span class='ocrx_word' id='word_1_133' title='bbox 626 1857 780 1924; x_wconf 84' lang='lat' dir='ltr'>Charonis</span> <span class='ocrx_word' id='word_1_134' title='bbox 799 1857 1012 1940; x_wconf 88' lang='lat' dir='ltr'>devertemnt,</span> <span class='ocrx_word' id='word_1_135' title='bbox 1035 1879 1056 1923; x_wconf 95' lang='lat' dir='ltr'>a</span> <span class='ocrx_word' id='word_1_136' title='bbox 1074 1879 1136 1940; x_wconf 93' lang='lat' dir='ltr'>quo</span> <span class='ocrx_word' id='word_1_137' title='bbox 1151 1864 1183 1923; x_wconf 92' lang='lat' dir='ltr'>et</span> <span class='ocrx_word' id='word_1_138' title='bbox 1198 1865 1322 1943; x_wconf 90' lang='lat' dir='ltr'>tempus</span> 
     </span>
     <span class='ocr_line' id='line_1_18' title="bbox 251 1961 1322 2046; baseline 0 -20"><span class='ocrx_word' id='word_1_139' title='bbox 251 1967 320 2034; x_wconf 75' lang='lat' dir='ltr'>aet</span> <span class='ocrx_word' id='word_1_140' title='bbox 352 1961 421 2027; x_wconf 92' lang='lat' dir='ltr'>dies</span> <span class='ocrx_word' id='word_1_141' title='bbox 454 1967 522 2027; x_wconf 90' lang='lat' dir='ltr'>erat</span> <span class='ocrx_word' id='word_1_142' title='bbox 554 1961 656 2028; x_wconf 87' lang='lat' dir='ltr'>datus.</span> <span class='ocrx_word' id='word_1_143' title='bbox 705 1962 775 2028; x_wconf 92' lang='lat' dir='ltr'>Hoc</span> <span class='ocrx_word' id='word_1_144' title='bbox 807 1964 874 2028; x_wconf 93' lang='lat' dir='ltr'>loco</span> <span class='ocrx_word' id='word_1_145' title='bbox 907 1961 986 2027; x_wconf 90' lang='lat' dir='ltr'>libet</span> <span class='ocrx_word' id='word_1_146' title='bbox 1016 1963 1229 2046; x_wconf 85' lang='lat' dir='ltr'>interponere,</span> <span class='ocrx_word' id='word_1_147' title='bbox 1264 1963 1322 2028; x_wconf 90' lang='lat' dir='ltr'>etsi</span> 
     </span>
     <span class='ocr_line' id='line_1_19' title="bbox 286 2064 1321 2149; baseline -0.001 -19"><span class='ocrx_word' id='word_1_148' title='bbox 286 2064 462 2131; x_wconf 90' lang='lat' dir='ltr'>seiunctum</span> <span class='ocrx_word' id='word_1_149' title='bbox 494 2066 536 2130; x_wconf 89' lang='lat' dir='ltr'>ab</span> <span class='ocrx_word' id='word_1_150' title='bbox 565 2085 601 2130; x_wconf 89' lang='lat' dir='ltr'>re</span> <span class='ocrx_word' id='word_1_151' title='bbox 630 2065 791 2149; x_wconf 87' lang='lat' dir='ltr'>proposita</span> <span class='ocrx_word' id='word_1_152' title='bbox 821 2071 878 2146; x_wconf 90' lang='lat' dir='ltr'>est,</span> <span class='ocrx_word' id='word_1_153' title='bbox 912 2065 1010 2130; x_wconf 88' lang='lat' dir='ltr'>nimia</span> <span class='ocrx_word' id='word_1_154' title='bbox 1039 2065 1156 2131; x_wconf 88' lang='lat' dir='ltr'>fiducia</span> <span class='ocrx_word' id='word_1_155' title='bbox 1185 2072 1321 2148; x_wconf 84' lang='lat' dir='ltr'>quantae</span> 
     </span>
     <span class='ocr_line' id='line_1_20' title="bbox 287 2167 1321 2252; baseline -0.002 -18"><span class='ocrx_word' id='word_1_156' title='bbox 287 2167 459 2234; x_wconf 86' lang='lat' dir='ltr'>calamitati</span> <span class='ocrx_word' id='word_1_157' title='bbox 481 2168 580 2233; x_wconf 87' lang='lat' dir='ltr'>soleat</span> <span class='ocrx_word' id='word_1_158' title='bbox 603 2187 682 2234; x_wconf 89' lang='lat' dir='ltr'>esse.</span> <span class='ocrx_word' id='word_1_159' title='bbox 727 2169 810 2234; x_wconf 86' lang='lat' dir='ltr'>Nam</span> <span class='ocrx_word' id='word_1_160' title='bbox 836 2169 1078 2252; x_wconf 85' lang='lat' dir='ltr'>magistratuum</span> <span class='ocrx_word' id='word_1_161' title='bbox 1100 2168 1321 2234; x_wconf 86' lang='lat' dir='ltr'>Thebanorum</span> 
     </span>
     <span class='ocr_line' id='line_1_21' title="bbox 287 2269 1322 2355; baseline -0.001 -18"><span class='ocrx_word' id='word_1_162' title='bbox 287 2272 393 2338; x_wconf 87' lang='lat' dir='ltr'>statim</span> <span class='ocrx_word' id='word_1_163' title='bbox 419 2269 462 2336; x_wconf 92' lang='lat' dir='ltr'>ad</span> <span class='ocrx_word' id='word_1_164' title='bbox 488 2290 581 2335; x_wconf 88' lang='lat' dir='ltr'>aures</span> <span class='ocrx_word' id='word_1_165' title='bbox 607 2272 753 2355; x_wconf 86' lang='lat' dir='ltr'>pervenit</span> <span class='ocrx_word' id='word_1_166' title='bbox 780 2273 890 2337; x_wconf 84' lang='lat' dir='ltr'>exules</span> <span class='ocrx_word' id='word_1_167' title='bbox 916 2273 950 2337; x_wconf 92' lang='lat' dir='ltr'>in</span> <span class='ocrx_word' id='word_1_168' title='bbox 972 2274 1083 2338; x_wconf 90' lang='lat' dir='ltr'>urbem</span> <span class='ocrx_word' id='word_1_169' title='bbox 1104 2272 1239 2338; x_wconf 88' lang='lat' dir='ltr'>venisse.</span> <span class='ocrx_word' id='word_1_170' title='bbox 1284 2272 1322 2336; x_wconf 89' lang='lat' dir='ltr'>ld</span> 
     </span>
     <span class='ocr_line' id='line_1_22' title="bbox 286 2373 1323 2460; baseline -0.001 -19"><span class='ocrx_word' id='word_1_171' title='bbox 286 2375 332 2441; x_wconf 93' lang='lat' dir='ltr'>illi</span> <span class='ocrx_word' id='word_1_172' title='bbox 359 2375 434 2441; x_wconf 83' lang='lat' dir='ltr'>vino</span> <span class='ocrx_word' id='word_1_173' title='bbox 457 2374 620 2457; x_wconf 90' lang='lat' dir='ltr'>epulisque</span> <span class='ocrx_word' id='word_1_174' title='bbox 647 2373 747 2440; x_wconf 92' lang='lat' dir='ltr'>dediti</span> <span class='ocrx_word' id='word_1_175' title='bbox 775 2395 875 2459; x_wconf 89' lang='lat' dir='ltr'>usque</span> <span class='ocrx_word' id='word_1_176' title='bbox 903 2395 940 2441; x_wconf 95' lang='lat' dir='ltr'>eo</span> <span class='ocrx_word' id='word_1_177' title='bbox 968 2374 1190 2460; x_wconf 83' lang='lat' dir='ltr'>despexerunt,</span> <span class='ocrx_word' id='word_1_178' title='bbox 1221 2381 1323 2440; x_wconf 92' lang='lat' dir='ltr'>utne</span> 
     </span>
     <span class='ocr_line' id='line_1_23' title="bbox 252 2477 1323 2563; baseline -0.001 -19"><span class='ocrx_word' id='word_1_179' title='bbox 252 2496 438 2563; x_wconf 83' lang='lat' dir='ltr'>aquaerere</span> <span class='ocrx_word' id='word_1_180' title='bbox 461 2477 588 2560; x_wconf 92' lang='lat' dir='ltr'>quidem</span> <span class='ocrx_word' id='word_1_181' title='bbox 611 2477 651 2543; x_wconf 92' lang='lat' dir='ltr'>de</span> <span class='ocrx_word' id='word_1_182' title='bbox 674 2484 764 2543; x_wconf 90' lang='lat' dir='ltr'>tanta</span> <span class='ocrx_word' id='word_1_183' title='bbox 784 2498 819 2543; x_wconf 90' lang='lat' dir='ltr'>rc</span> <span class='ocrx_word' id='word_1_184' title='bbox 841 2478 1029 2545; x_wconf 86' lang='lat' dir='ltr'>laborarent.</span> <span class='ocrx_word' id='word_1_185' title='bbox 1074 2478 1217 2543; x_wconf 85' lang='lat' dir='ltr'>Accessit</span> <span class='ocrx_word' id='word_1_186' title='bbox 1239 2477 1323 2561; x_wconf 91' lang='lat' dir='ltr'>quod</span> 
     </span>
     <span class='ocr_line' id='line_1_24' title="bbox 287 2581 1323 2666; baseline -0.001 -19"><span class='ocrx_word' id='word_1_187' title='bbox 287 2583 384 2648; x_wconf 88' lang='lat' dir='ltr'>etiam</span> <span class='ocrx_word' id='word_1_188' title='bbox 405 2582 508 2666; x_wconf 83' lang='lat' dir='ltr'>magis</span> <span class='ocrx_word' id='word_1_189' title='bbox 531 2581 669 2665; x_wconf 87' lang='lat' dir='ltr'>aperiret</span> <span class='ocrx_word' id='word_1_190' title='bbox 691 2602 798 2646; x_wconf 91' lang='lat' dir='ltr'>eorum</span> <span class='ocrx_word' id='word_1_191' title='bbox 818 2581 1019 2646; x_wconf 88' lang='lat' dir='ltr'>dementiam.</span> <span class='ocrx_word' id='word_1_192' title='bbox 1051 2582 1158 2646; x_wconf 89' lang='lat' dir='ltr'>Allata</span> <span class='ocrx_word' id='word_1_193' title='bbox 1177 2588 1225 2646; x_wconf 92' lang='lat' dir='ltr'>est</span> <span class='ocrx_word' id='word_1_194' title='bbox 1239 2582 1323 2646; x_wconf 89' lang='lat' dir='ltr'>enirn</span> 
     </span>
     <span class='ocr_line' id='line_1_25' title="bbox 288 2684 1325 2775; baseline -0.002 -23"><span class='ocrx_word' id='word_1_195' title='bbox 288 2686 423 2771; x_wconf 91' lang='lat' dir='ltr'>epistula</span> <span class='ocrx_word' id='word_1_196' title='bbox 443 2685 578 2750; x_wconf 90' lang='lat' dir='ltr'>Athenis</span> <span class='ocrx_word' id='word_1_197' title='bbox 600 2684 747 2775; x_wconf 79' lang='lat' dir='ltr'>Archiae,</span> <span class='ocrx_word' id='word_1_198' title='bbox 777 2684 831 2768; x_wconf 90' lang='lat' dir='ltr'>qui</span> <span class='ocrx_word' id='word_1_199' title='bbox 861 2691 928 2749; x_wconf 92' lang='lat' dir='ltr'>tum</span> <span class='ocrx_word' id='word_1_200' title='bbox 955 2684 1130 2749; x_wconf 83' lang='lat' dir='ltr'>maximum</span> <span class='ocrx_word' id='word_1_201' title='bbox 1161 2685 1325 2768; x_wconf 82' lang='lat' dir='ltr'>magistra-</span> 
     </span>
     <span class='ocr_line' id='line_1_26' title="bbox 287 2786 1325 2871; baseline 0 -19"><span class='ocrx_word' id='word_1_202' title='bbox 287 2793 354 2852; x_wconf 91' lang='lat' dir='ltr'>tum</span> <span class='ocrx_word' id='word_1_203' title='bbox 369 2787 488 2853; x_wconf 79' lang='lat' dir='ltr'>Thebis</span> <span class='ocrx_word' id='word_1_204' title='bbox 510 2788 684 2869; x_wconf 86' lang='lat' dir='ltr'>obtinebat,</span> <span class='ocrx_word' id='word_1_205' title='bbox 707 2787 741 2853; x_wconf 93' lang='lat' dir='ltr'>in</span> <span class='ocrx_word' id='word_1_206' title='bbox 763 2807 826 2870; x_wconf 91' lang='lat' dir='ltr'>qua</span> <span class='ocrx_word' id='word_1_207' title='bbox 848 2787 954 2852; x_wconf 91' lang='lat' dir='ltr'>omnia</span> <span class='ocrx_word' id='word_1_208' title='bbox 976 2786 1017 2852; x_wconf 93' lang='lat' dir='ltr'>de</span> <span class='ocrx_word' id='word_1_209' title='bbox 1038 2786 1232 2871; x_wconf 87' lang='lat' dir='ltr'>profectione</span> <span class='ocrx_word' id='word_1_210' title='bbox 1254 2807 1325 2854; x_wconf 93' lang='lat' dir='ltr'>con·</span> 
     </span>
    </p>
   </div>
   <div class='ocr_carea' id='block_1_7' title="bbox 96 2871 1325 2976">
    <p class='ocr_par' dir='ltr' id='par_1_7' title="bbox 96 2871 1325 2976">
     <span class='ocr_line' id='line_1_27' title="bbox 96 2871 1325 2976; baseline 0.002 -21"><span class='ocrx_word' id='word_1_211' title='bbox 96 2871 105 2885; x_wconf 67' lang='grc'>’</span> <span class='ocrx_word' id='word_1_212' title='bbox 194 2911 197 2918; x_wconf 93' lang='grc'><em>·</em></span> <span class='ocrx_word' id='word_1_213' title='bbox 287 2891 458 2956; x_wconf 90' lang='lat' dir='ltr'>iuratorum</span> <span class='ocrx_word' id='word_1_214' title='bbox 480 2892 656 2976; x_wconf 88' lang='lat' dir='ltr'>perscripta</span> <span class='ocrx_word' id='word_1_215' title='bbox 678 2897 776 2972; x_wconf 81' lang='lat' dir='ltr'>erant.</span> <span class='ocrx_word' id='word_1_216' title='bbox 812 2888 901 2967; x_wconf 78' lang='lat' dir='ltr'>Quae</span> <span class='ocrx_word' id='word_1_217' title='bbox 921 2909 993 2956; x_wconf 94' lang='lat' dir='ltr'>cum</span> <span class='ocrx_word' id='word_1_218' title='bbox 1015 2890 1078 2954; x_wconf 92' lang='lat' dir='ltr'>iam</span> <span class='ocrx_word' id='word_1_219' title='bbox 1101 2891 1269 2956; x_wconf 90' lang='lat' dir='ltr'>accubanti</span> <span class='ocrx_word' id='word_1_220' title='bbox 1290 2892 1325 2958; x_wconf 90' lang='lat' dir='ltr'>in</span> 
     </span>
    </p>
   </div>
   <div class='ocr_carea' id='block_1_8' title="bbox 253 2993 1331 3285">
    <p class='ocr_par' dir='ltr' id='par_1_8' title="bbox 253 2993 1331 3285">
     <span class='ocr_line' id='line_1_28' title="bbox 288 2993 1324 3078; baseline 0.001 -19"><span class='ocrx_word' id='word_1_221' title='bbox 288 2993 433 3060; x_wconf 83' lang='lat' dir='ltr'>convivio</span> <span class='ocrx_word' id='word_1_222' title='bbox 464 3001 548 3059; x_wconf 89' lang='lat' dir='ltr'>essct</span> <span class='ocrx_word' id='word_1_223' title='bbox 577 2993 662 3075; x_wconf 86' lang='lat' dir='ltr'>data,</span> <span class='ocrx_word' id='word_1_224' title='bbox 695 2994 778 3076; x_wconf 89' lang='lat' dir='ltr'>sicut</span> <span class='ocrx_word' id='word_1_225' title='bbox 806 3002 875 3059; x_wconf 89' lang='lat' dir='ltr'>erat</span> <span class='ocrx_word' id='word_1_226' title='bbox 903 2994 1040 3078; x_wconf 80' lang='lat' dir='ltr'>signata,</span> <span class='ocrx_word' id='word_1_227' title='bbox 1071 2993 1129 3060; x_wconf 91' lang='lat' dir='ltr'>sub</span> <span class='ocrx_word' id='word_1_228' title='bbox 1159 2994 1324 3078; x_wconf 87' lang='lat' dir='ltr'>pulvinum</span> 
     </span>
     <span class='ocr_line' id='line_1_29' title="bbox 253 3090 1331 3181; baseline -0.002 -15"><span class='ocrx_word' id='word_1_229' title='bbox 253 3098 447 3166; x_wconf 84' lang='lat' dir='ltr'>asubiciens</span> <span class='ocrx_word' id='word_1_230' title='bbox 472 3090 521 3162; x_wconf 83' lang='lat' dir='ltr'>‘ln</span> <span class='ocrx_word' id='word_1_231' title='bbox 549 3095 740 3163; x_wconf 87' lang='lat' dir='ltr'>crastimum&#39;</span> <span class='ocrx_word' id='word_1_232' title='bbox 766 3097 870 3181; x_wconf 90' lang='lat' dir='ltr'>inquit</span> <span class='ocrx_word' id='word_1_233' title='bbox 894 3091 1017 3163; x_wconf 85' lang='lat' dir='ltr'>‘differo</span> <span class='ocrx_word' id='word_1_234' title='bbox 1042 3117 1093 3162; x_wconf 90' lang='lat' dir='ltr'>res</span> <span class='ocrx_word' id='word_1_235' title='bbox 1120 3093 1237 3163; x_wconf 85' lang='lat' dir='ltr'>serias&#39;.</span> <span class='ocrx_word' id='word_1_236' title='bbox 1282 3099 1331 3164; x_wconf 81' lang='lat' dir='ltr'>At&#39;</span> 
     </span>
     <span class='ocr_line' id='line_1_30' title="bbox 287 3199 1327 3285; baseline 0.002 -19"><span class='ocrx_word' id='word_1_237' title='bbox 287 3201 332 3266; x_wconf 90' lang='lat' dir='ltr'>illi</span> <span class='ocrx_word' id='word_1_238' title='bbox 359 3221 479 3282; x_wconf 91' lang='lat' dir='ltr'>omnes,</span> <span class='ocrx_word' id='word_1_239' title='bbox 510 3221 581 3266; x_wconf 92' lang='lat' dir='ltr'>cum</span> <span class='ocrx_word' id='word_1_240' title='bbox 608 3221 673 3267; x_wconf 86' lang='lat' dir='ltr'>nox</span> <span class='ocrx_word' id='word_1_241' title='bbox 694 3201 908 3285; x_wconf 90' lang='lat' dir='ltr'>processisset,</span> <span class='ocrx_word' id='word_1_242' title='bbox 939 3199 1092 3267; x_wconf 83' lang='lat' dir='ltr'>vinolenti</span> <span class='ocrx_word' id='word_1_243' title='bbox 1113 3202 1154 3266; x_wconf 92' lang='lat' dir='ltr'>ab</span> <span class='ocrx_word' id='word_1_244' title='bbox 1179 3201 1327 3268; x_wconf 84' lang='lat' dir='ltr'>exulibus</span> 
     </span>
    </p>
   </div>
   <div class='ocr_carea' id='block_1_9' title="bbox 288 3302 1445 3391">
    <p class='ocr_par' dir='ltr' id='par_1_9' title="bbox 288 3302 1445 3391">
     <span class='ocr_line' id='line_1_31' title="bbox 288 3302 1445 3391; baseline 0.001 -21"><span class='ocrx_word' id='word_1_245' title='bbox 288 3304 369 3371; x_wconf 88' lang='lat' dir='ltr'>duce</span> <span class='ocrx_word' id='word_1_246' title='bbox 397 3303 550 3389; x_wconf 88' lang='lat' dir='ltr'>Pelopida</span> <span class='ocrx_word' id='word_1_247' title='bbox 578 3310 652 3370; x_wconf 92' lang='lat' dir='ltr'>sunt</span> <span class='ocrx_word' id='word_1_248' title='bbox 679 3305 848 3371; x_wconf 72' lang='lat' dir='ltr'>interlecti.</span> <span class='ocrx_word' id='word_1_249' title='bbox 897 3302 1019 3381; x_wconf 81' lang='lat' dir='ltr'>Quibus</span> <span class='ocrx_word' id='word_1_250' title='bbox 1047 3304 1144 3371; x_wconf 87' lang='lat' dir='ltr'>rebus</span> <span class='ocrx_word' id='word_1_251' title='bbox 1173 3303 1326 3372; x_wconf 84' lang='lat' dir='ltr'>confectis</span> <span class='ocrx_word' id='word_1_252' title='bbox 1444 3376 1445 3391; x_wconf 48' lang='lat'>,</span> 
     </span>
    </p>
   </div>
   <div class='ocr_carea' id='block_1_10' title="bbox 288 3407 1327 3804">
    <p class='ocr_par' dir='ltr' id='par_1_10' title="bbox 288 3407 1327 3804">
     <span class='ocr_line' id='line_1_32' title="bbox 288 3407 1325 3494; baseline -0.002 -20"><span class='ocrx_word' id='word_1_253' title='bbox 288 3409 383 3494; x_wconf 86' lang='lat' dir='ltr'>vulgo</span> <span class='ocrx_word' id='word_1_254' title='bbox 419 3408 462 3474; x_wconf 91' lang='lat' dir='ltr'>ad</span> <span class='ocrx_word' id='word_1_255' title='bbox 498 3429 586 3473; x_wconf 90' lang='lat' dir='ltr'>arma</span> <span class='ocrx_word' id='word_1_256' title='bbox 619 3408 860 3491; x_wconf 88' lang='lat' dir='ltr'>libertatemque</span> <span class='ocrx_word' id='word_1_257' title='bbox 893 3413 1006 3474; x_wconf 89' lang='lat' dir='ltr'>vocato</span> <span class='ocrx_word' id='word_1_258' title='bbox 1039 3427 1103 3473; x_wconf 94' lang='lat' dir='ltr'>non</span> <span class='ocrx_word' id='word_1_259' title='bbox 1137 3407 1238 3474; x_wconf 87' lang='lat' dir='ltr'>solum</span> <span class='ocrx_word' id='word_1_260' title='bbox 1272 3408 1325 3490; x_wconf 89' lang='lat' dir='ltr'>qui</span> 
     </span>
     <span class='ocr_line' id='line_1_33' title="bbox 288 3509 1325 3595; baseline -0.002 -17"><span class='ocrx_word' id='word_1_261' title='bbox 288 3512 322 3578; x_wconf 94' lang='lat' dir='ltr'>in</span> <span class='ocrx_word' id='word_1_262' title='bbox 358 3512 436 3577; x_wconf 89' lang='lat' dir='ltr'>urbe</span> <span class='ocrx_word' id='word_1_263' title='bbox 474 3517 582 3594; x_wconf 86' lang='lat' dir='ltr'>erant,</span> <span class='ocrx_word' id='word_1_264' title='bbox 616 3510 673 3579; x_wconf 89' lang='lat' dir='ltr'>sed</span> <span class='ocrx_word' id='word_1_265' title='bbox 707 3513 803 3578; x_wconf 92' lang='lat' dir='ltr'>etiam</span> <span class='ocrx_word' id='word_1_266' title='bbox 835 3509 984 3594; x_wconf 43' lang='lat' dir='ltr'>undique*</span> <span class='ocrx_word' id='word_1_267' title='bbox 1009 3530 1051 3577; x_wconf 87' lang='lat' dir='ltr'>ex</span> <span class='ocrx_word' id='word_1_268' title='bbox 1080 3509 1166 3595; x_wconf 82' lang='lat' dir='ltr'>agris</span> <span class='ocrx_word' id='word_1_269' title='bbox 1200 3529 1325 3576; x_wconf 87' lang='lat' dir='ltr'>concur-</span> 
     </span>
     <span class='ocr_line' id='line_1_34' title="bbox 289 3613 1325 3700; baseline 0 -21"><span class='ocrx_word' id='word_1_270' title='bbox 289 3621 411 3697; x_wconf 90' lang='lat' dir='ltr'>rerunt,</span> <span class='ocrx_word' id='word_1_271' title='bbox 454 3614 647 3700; x_wconf 90' lang='lat' dir='ltr'>praesidium</span> <span class='ocrx_word' id='word_1_272' title='bbox 683 3613 1006 3682; x_wconf 84' lang='lat' dir='ltr'>Lacedaemoniorum</span> <span class='ocrx_word' id='word_1_273' title='bbox 1043 3633 1084 3680; x_wconf 84' lang='lat' dir='ltr'>ex</span> <span class='ocrx_word' id='word_1_274' title='bbox 1121 3633 1195 3680; x_wconf 92' lang='lat' dir='ltr'>arce</span> <span class='ocrx_word' id='word_1_275' title='bbox 1230 3633 1325 3698; x_wconf 90' lang='lat' dir='ltr'>pepu-</span> 
     </span>
     <span class='ocr_line' id='line_1_35' title="bbox 289 3715 1327 3804; baseline -0.003 -20"><span class='ocrx_word' id='word_1_276' title='bbox 289 3720 408 3802; x_wconf 85' lang='lat' dir='ltr'>lerunt,</span> <span class='ocrx_word' id='word_1_277' title='bbox 437 3719 571 3804; x_wconf 90' lang='lat' dir='ltr'>patriam</span> <span class='ocrx_word' id='word_1_278' title='bbox 597 3718 761 3784; x_wconf 91' lang='lat' dir='ltr'>obsidione</span> <span class='ocrx_word' id='word_1_279' title='bbox 786 3719 968 3800; x_wconf 88' lang='lat' dir='ltr'>liberarunt,</span> <span class='ocrx_word' id='word_1_280' title='bbox 998 3724 1142 3785; x_wconf 90' lang='lat' dir='ltr'>auctores</span> <span class='ocrx_word' id='word_1_281' title='bbox 1168 3715 1327 3784; x_wconf 78' lang='lat' dir='ltr'>Cadmeae</span> 
     </span>
    </p>
   </div>
   <div class='ocr_carea' id='block_1_11' title="bbox 0 0 1474 4192">
    <p class='ocr_par' dir='ltr' id='par_1_11' title="bbox 0 0 1474 4192">
     <span class='ocr_line' id='line_1_36' title="bbox 0 0 1474 4192; baseline 0 0"><span class='ocrx_word' id='word_1_282' title='bbox 0 0 1474 4192; x_wconf 95' lang='lat' dir='ltr'> </span> 
     </span>
    </p>
   </div>
  </div>
 </body>
</html>
