2934 4192
559 224 594 278 X.
612 223 707 278 DION.
727 225 750 278 6.
769 226 793 277 7.
807 225 831 278 8.
1172 205 1215 270 39

178 403 336 471 sententia
363 406 425 466 est:
456 418 518 463 non
545 416 639 481 posse
668 396 750 460 bene
777 395 844 478 gcri
870 395 1117 479 rempublicam
1139 395 1215 459 mul·

178 516 280 575 torum
307 504 455 588 imperiis.
502 500 594 578 Quod
620 499 738 564 dictum
765 519 882 583 magna
903 497 1025 564 invidia
1046 505 1214 564 consecuta

177 617 240 694 est;
263 626 401 690 namque
422 605 584 689 aperuisse
607 602 775 668 videbatur
797 602 903 667 omnia
924 603 958 666 in
980 621 1039 668 sua
1057 607 1214 686 potestate

177 733 248 780 6666
270 710 360 776 velle.
384 711 476 774 Hanc
497 707 550 772 ille
573 726 637 772 non
660 706 757 771 lenire
780 706 940 789 obsequio,
964 704 1021 771 sed
1042 705 1247 772 acerbitates

174 816 353 901 opprimere
380 811 500 877 studuit
521 809 794 892 Heraclidemque,
823 829 894 874 cum
916 810 1090 892 Syracusas
1112 809 1214 873 venis·

176 927 234 1000 set,
257 913 510 983 interficiendum
532 914 662 978 curavit.

281 1018 372 1097 Quod
398 1019 518 1082 factum
544 1017 690 1082 omnibus
716 1016 891 1081 maximum
918 1017 1062 1081 timorem
1090 1015 1248 1083 iniecitz‘l

176 1145 269 1190 nemo
293 1123 377 1188 cuim
399 1123 452 1186 illo
475 1120 641 1186 interiecto
663 1126 766 1184 tutum
788 1139 823 1185 66
845 1119 988 1204 putabat.
1026 1119 1084 1183 1116
1106 1125 1213 1184 autem

175 1227 357 1293 adversario
387 1231 507 1290 remoto
537 1223 681 1288 licentius
712 1242 818 1288 eorum
847 1224 945 1304 bona,
981 1243 1058 1305 quos
1092 1222 1214 1298 sciebat

175 1331 328 1396 adversus
351 1349 386 1394 ae
409 1327 554 1408 sensisse,
581 1326 733 1392 militibus
759 1324 946 1409 dispertivit.
993 1325 1115 1403 Quibus
1137 1324 1246 1390 divi-a

175 1435 228 1516 sis,
252 1453 323 1498 cum
347 1430 474 1498 cottidie
496 1430 629 1496 maximi
648 1429 760 1494 fierent
781 1435 935 1515 sumptus,
959 1430 1100 1494 celeriter
1121 1449 1213 1514 pecu-

175 1539 229 1603 nia
251 1536 364 1602 deesse
387 1535 503 1619 coepit:
533 1553 647 1617 neque,
671 1553 732 1616 quo
755 1553 868 1598 manus
890 1533 1072 1618 porrigeret,
1101 1551 1212 1617 suppe-

174 1642 263 1707 tebat
284 1640 346 1704 nisi
367 1639 402 1703 in
424 1639 596 1703 amicorum
622 1637 846 1721 possessiones.
891 1635 930 1701 Id
957 1635 1110 1702 eiusmodi
1133 1641 1245 1716 erata

174 1751 219 1825 ut,
242 1764 313 1809 cum
335 1742 451 1807 milites
473 1741 715 1820 reconciliasset,
739 1740 898 1805 amitteret
920 1740 1095 1824 optimates.
1131 1737 1213 1816 Qua·

174 1867 244 1912 rum
273 1866 377 1910 rerum
406 1864 482 1910 cura
511 1843 689 1928 angebatur
719 1849 750 1907 et
778 1843 920 1908 insuetus
950 1842 1032 1907 male
1060 1841 1212 1908 audiendi

175 1969 238 2016 nou
265 1949 370 2014 animo
396 1967 498 2030 aequo
521 1947 644 2014 ferebat
666 1945 707 2011 de
730 1966 764 2012 se
786 1946 870 2010 male
891 1948 932 2013 ab
957 1946 1002 2010 616
1025 1945 1210 2027 existimari,

174 2073 306 2136 quorum
339 2051 432 2134 paulo
465 2056 540 2115 ante
569 2050 602 2114 in
633 2049 753 2115 caelum
785 2049 888 2114 fuerat
922 2049 1022 2114 elatus
1054 2047 1209 2116 laudibus.

174 2155 296 2238 Vulgus
321 2159 428 2218 autem
454 2155 576 2234 offensa
601 2153 634 2217 in
662 2172 734 2217 eum
761 2153 927 2218 multorum
949 2153 1111 2218 voluntate
1136 2153 1211 2218 liba

174 2259 238 2323 rius
264 2258 451 2340 loquebatur
481 2262 513 2320 61
543 2263 714 2339 tyrannum
744 2276 807 2321 666
837 2254 1004 2321 ferendum
1033 2255 1208 2322 dictitabat.

174 2363 262 2426 llaec
283 2361 337 2424 ille
359 2360 485 2425 intuens
509 2379 589 2440 cum,
618 2357 883 2442 quemadmodum
910 2359 1044 2441 sedaret,
1075 2360 1245 2430 nescirets

173 2471 214 2546 et,
238 2483 386 2546 quorsum
409 2462 590 2544 evaderent,
618 2463 752 2544 timeret,
781 2463 942 2547 Callippus
965 2461 1093 2545 quidam
1114 2456 1210 2528 Athe-

173 2567 306 2647 niensis,
334 2566 388 2648 qui
415 2565 508 2630 simul
535 2586 606 2630 oum
634 2584 671 2631 eo
699 2586 740 2630 ex
766 2566 983 2651 Peloponneso
1009 2566 1043 2630 in
1070 2566 1209 2632 Siciliam

172 2675 312 2750 venerat,
342 2669 436 2734 homo
464 2675 496 2734 et
525 2667 658 2734 callidus
685 2675 717 2733 et
745 2667 786 2734 ad
815 2667 959 2734 fraudem
989 2676 1109 2751 acutus,
1140 2671 1209 2736 sine

172 2772 237 2836 ulla
268 2772 421 2856 religione
454 2792 493 2837 ac
525 2771 609 2855 fide,
636 2771 705 2837 adit
736 2771 778 2837 ad
807 2773 942 2838 Dionem
977 2780 1008 2838 ct
1040 2773 1101 2838 ait:
1136 2792 1242 2839 eume

171 2881 299 2959 propter
321 2876 527 2941 offensionem
550 2877 657 2961 populi
679 2895 796 2960 magno
818 2877 850 2941 16
867 2877 1005 2961 periculo
1021 2896 1100 2958 esse,
1125 2877 1208 2959 quod

172 2978 258 3043 nullo
284 2978 377 3044 modo
405 2979 525 3045 evitare
551 2986 667 3063 posset,
698 2980 760 3045 nisi
782 2980 876 3045 alicui
898 3000 1024 3045 sucrum
1046 2982 1208 3065 negotium

170 3183 334 3266 idoneum,
364 3184 460 3250 facile
489 3185 652 3251 hominum
681 3187 803 3252 animos
833 3187 1029 3271 cogniturum
1062 3186 1208 3253 adversa·

172 3286 297 3369 riosque
320 3288 525 3370 sublaturum,
549 3289 633 3371 quod
655 3290 775 3354 inimici
799 3290 866 3356 eius
887 3290 932 3355 illi
953 3297 990 3354 ut
1011 3310 1117 3355 secum
1139 3303 1223 3356 sen-⁴

171 3389 262 3454 tienti
284 3409 358 3456 suos
380 3410 491 3456 666666
513 3393 652 3476 aperturi
674 3393 786 3458 forent.
831 3393 901 3458 Tali
925 3395 1054 3459 consilio
1076 3395 1240 3478 probatos

171 3492 289 3575 recepit
311 3492 370 3558 bas
392 3499 498 3577 partes
518 3495 587 3579 ipse
603 3496 765 3581 Callippus
785 3503 816 3561 et
831 3516 866 3562 se
880 3503 982 3562 armat
995 3497 1208 3582 imprudentia

171 3594 298 3660 Dionis:
329 3595 371 3659 ad
401 3616 473 3662 eum
499 3598 751 3665 interficiendum
778 3600 878 3666 socios
905 3601 1068 3684 conquirit,
1098 3601 1207 3667 adver·
1255 3664 1258 3672 .

169 3697 269 3762 ’666166
292 3698 359 3764 6166
381 3702 538 3782 convenit,
562 3703 775 3769 coniuratione
797 3703 969 3769 confirmat.
1004 3705 1076 3788 Res,
1100 3707 1241 3772 multist

172 3801 306 3867 consciis
329 3822 409 3884 quae
431 3811 602 3887 gereretur,
626 3806 709 3870 elata
731 3806 870 3873 defertur
892 3808 934 3872 ad
956 3809 1205 3891 Aristomachen,
