2890 4196
274 175 315 237 dd
582 192 674 246 XVII.
694 193 916 249 AGESILAUS.
936 197 959 250 3.
973 198 998 249 4.

275 365 532 448 quotiescumque
562 383 749 450 congressus
780 373 841 448 est,
873 368 971 432 multo
1002 368 1136 433 maiores
1165 370 1313 435 adversa·

273 469 388 534 riorum
419 469 527 553 copias
558 475 589 533 et
616 469 661 534 sio
687 469 720 533 in
743 470 820 534 Asia
846 477 991 536 versatus
1019 478 1080 552 est,
1112 478 1146 536 ut
1172 474 1310 538 omnium

272 572 422 657 opinione
442 573 543 638 victor
565 571 739 638 duceretur.

240 687 259 741 4
381 676 444 741 Sed
473 695 542 740 cum
566 675 630 740 iam
652 676 758 740 animo
782 676 942 741 moliretur
963 677 1119 760 proficisci
1142 679 1175 741 in
1197 679 1312 744 Persas

274 785 305 844 et
331 779 434 863 ipsum
460 800 569 864 regem
596 779 721 860 adoriri,
751 780 881 846 nuntius
904 780 933 846 ei
957 780 1049 846 domo
1070 781 1159 846 venit
1183 781 1310 865 ephoro-

272 904 341 947 rum
376 883 487 964 missu,
526 884 644 948 bellum
677 883 890 950 Athenienses
924 889 955 948 et
987 885 1122 950 Boeotos
1154 883 1310 949 indixisse

115 1002 218 1044 carues.
238 1001 253 1048 2
272 985 545 1072 Lacedaemoniis;
578 1007 674 1068 quare
701 986 877 1052 venirene
904 985 1072 1052 dubitaret.
1117 989 1156 1052 In
1185 987 1245 1052 hac
1274 1009 1310 1052 re

270 1110 333 1155 non
361 1090 465 1154 minus
488 1090 556 1154 eius
583 1090 684 1173 pietas
707 1088 910 1172 suspicienda
933 1095 981 1156 est
1008 1111 1102 1172 quam
1124 1091 1224 1156 virtus
1247 1090 1309 1154 bel-

270 1193 339 1256 lica.
385 1194 469 1256 Nam
497 1212 568 1256 cum
595 1193 706 1257 victori
732 1199 875 1276 praesset
898 1193 1050 1258 exercitui
1073 1194 1310 1276 maximamque

270 1293 402 1359 haberet
416 1295 565 1359 fiduciam
583 1297 674 1380 regni
690 1298 856 1360 Persarum
871 1296 1025 1381 potiundi,
1045 1303 1135 1362 tanta
1154 1297 1309 1362 modestia

271 1396 355 1462 dicto
378 1397 510 1464 audiens
533 1399 592 1463 fuit
614 1399 708 1464 iussis
734 1399 912 1464 absentium
939 1400 1189 1484 magistratuum,
1220 1408 1255 1464 ut
1281 1401 1309 1465 si

270 1501 412 1585 privatus
431 1501 465 1566 in
486 1502 612 1568 comitio
633 1509 725 1569 essct.
762 1502 859 1569 Ouius
880 1504 1060 1587 exemplum
1076 1503 1196 1567 utinam
1212 1503 1309 1586 impc-

236 1611 388 1674 3ratores
422 1606 520 1670 nostri
554 1606 644 1689 sequi
677 1606 865 1672 voluissent!
923 1606 986 1673 Sed
1020 1607 1094 1672 illuc
1131 1605 1306 1672 redeamus.

269 1709 436 1793 Agesilaus
467 1710 703 1794 opulentissimo
730 1730 829 1794 regno
854 1711 1036 1793 praeposuit
1063 1710 1179 1775 bonam
1202 1710 1309 1774 existi·

269 1813 440 1878 mationem
477 1814 636 1894 multoque
673 1814 838 1898 gloriosius
876 1813 968 1878 duxit
1000 1814 1152 1879 institutis
1185 1814 1309 1898 patriae

235 1935 251 1982 4
269 1918 420 2000 pamisse‚
446 1937 540 1998 quam
564 1917 646 1983 hello
666 1937 833 2000 superasse
848 1916 967 1982 Asiam.
995 1917 1065 1982 Hac
1083 1916 1180 2000 igitur
1199 1923 1308 1982 mente

268 2020 507 2104 Hellespontum
531 2021 637 2103 copias
660 2020 783 2085 traiecit
802 2027 952 2102 tantaque
972 2039 1047 2085 usus
1067 2026 1115 2084 est
1135 2020 1305 2102 celeritate,

268 2131 311 2205 ut,
335 2123 418 2206 quod
441 2123 501 2187 iter
520 2125 645 2188 Xerxes
668 2145 750 2188 anno
774 2131 917 2190 vertente
940 2124 1128 2206 confecerat,
1150 2123 1184 2187 id
1207 2129 1308 2189 trans·

233 2242 248 2290 o
268 2228 368 2310 igeret
390 2249 450 2288 xxx
473 2225 594 2292 diebus.
642 2227 721 2294 Cum
747 2228 811 2292 iam
837 2227 923 2293 haud
950 2228 995 2292 ita
1021 2228 1115 2311 longe
1137 2227 1263 2292 abesset
1285 2248 1309 2292 a

267 2331 498 2413 Peloponneso,
532 2331 684 2397 obsistere
719 2331 748 2396 ei
783 2333 886 2397 conati
920 2340 993 2397 sunt
1025 2330 1238 2396 Athenienses
1272 2337 1308 2396 ot

266 2434 377 2499 Boeoti
392 2435 550 2517 ceterique
567 2455 673 2500 eorum
689 2436 765 2500 socii
780 2435 865 2519 apud
882 2436 1071 2520 Coroneam5
1095 2455 1172 2517 quos
1193 2454 1306 2500 omnes

233 2552 248 2600 o
267 2541 357 2624 gravi
377 2540 494 2624 proelio
515 2539 599 2605 vicit.
634 2541 736 2604 Huius
757 2540 907 2605 victoriae
922 2541 974 2605 vel
992 2539 1134 2603 maxima
1149 2538 1208 2602 fuit
1223 2538 1306 2619 laus,

268 2644 359 2728 quod,
388 2665 458 2709 cum
481 2644 570 2708 multi
593 2664 634 2710 ex
657 2643 735 2727 fuga
762 2663 796 2708 sc
818 2643 851 2706 in
875 2643 1026 2725 templum
1047 2642 1209 2708 Minervae
1233 2661 1304 2706 con-

267 2748 414 2813 iecissent
444 2754 707 2830 quaerereturque
738 2748 778 2812 ab
810 2767 861 2827 eo,
897 2747 972 2829 quid
1001 2746 1096 2810 vellet
1125 2745 1208 2826 fieri,
1243 2748 1306 2810 etsi

265 2851 384 2932 aliquot
411 2851 542 2915 vulnera
568 2856 736 2934 acceperat
765 2857 796 2915 et
822 2850 921 2916 iratus
948 2849 1116 2914 videbatur
1145 2848 1307 2930 omnibus,

266 2954 319 3037 qui
341 2953 493 3019 adversus
515 2973 603 3016 arma
631 2954 780 3034 tulerant,
812 2958 918 3016 tamen
945 2952 1123 3036 anteposita
1146 2952 1212 3016 irae
1234 2953 1306 3016 reli-

233 3059 358 3141 rgione
381 3056 538 3140 supplices
561 3057 661 3120 vetuit
684 3057 802 3122 violari.
834 3058 946 3138 Neque
966 3075 1040 3121 vero
1063 3055 1123 3119 hoc
1145 3056 1244 3120 solum
1267 3056 1303 3120 in

265 3161 399 3228 Graecia
428 3160 517 3241 fecit,
551 3167 585 3224 ut
615 3162 733 3244 templa
764 3161 893 3226 deorum
924 3167 1035 3224 sancta
1064 3158 1208 3240 haberet,
1243 3159 1300 3224 sed

265 3264 359 3330 etiam
385 3264 471 3348 apud
497 3263 647 3329 barbaros
673 3285 796 3330 summa
823 3262 1107 3347 religioneomnia
1134 3262 1302 3327 simulacra

230 3383 397 3449 surasque
425 3368 631 3432 conservavit.
677 3368 782 3448 Atque
809 3366 1014 3450 praedicabat
1040 3365 1147 3429 mirari
1174 3385 1207 3430 se
1235 3386 1300 3431 non

264 3471 486 3555 sacrilegorum
523 3490 653 3534 numero
687 3470 810 3551 haberi,
850 3469 903 3551 qui
937 3468 1131 3552 supplicibus
1168 3466 1302 3532 deorum

264 3575 453 3654 nocuissent,
476 3594 514 3638 ac
536 3594 600 3638 non
623 3573 820 3657 gravioribus
843 3573 953 3656 poenis
975 3571 1071 3651 affici,
1101 3571 1154 3651 qui
1176 3571 1303 3654 religio—

263 3698 336 3742 nem
358 3677 589 3757 imminuerent,
613 3697 707 3758 quam
731 3676 784 3757 qui
807 3675 882 3739 fana
905 3675 1085 3758 spoliarent.
