2934 4192
1283 125 1390 152 *sn

294 183 314 246 2
640 198 662 252 1.
680 199 894 254 MILTIADES.
915 203 937 256 1.
957 203 980 256 2.

292 371 435 435 virium?
472 376 527 434 aut
557 370 644 435 cuius
673 390 737 434 non
767 378 867 436 mater
896 371 1033 438 familias
1059 374 1194 458 primum
1220 377 1322 441 locum

257 485 271 532 ι
290 479 377 539 tenet
391 471 517 537 aedium
531 478 626 554 atque
647 472 681 536 in
704 473 883 540 celebritate
906 469 1078 540 versatur?
1111 475 1203 554 Quod
1225 480 1323 544 multo

290 577 380 642 aliter
393 575 429 640 fit
444 575 476 640 in
494 574 634 640 Graecia.
665 576 749 641 Nam
771 596 873 661 neque
895 578 928 643 in
952 579 1131 644 convivium
1153 580 1321 647 adhibetur

291 680 351 744 nisi
379 678 624 764 propinquomm
654 699 757 763 neque
787 680 877 746 sedet
906 682 967 747 nisi
996 682 1030 747 in
1053 683 1200 750 interiore
1232 692 1323 770 parte

290 782 426 864 aedium,
449 802 530 865 quae
552 783 773 866 gynaeconitis
796 786 988 871 appellatur3
1012 807 1073 868 quo
1092 807 1185 853 nemo
1200 789 1324 854 accedit

256 899 271 947 8
292 886 351 952 nisi
372 887 548 972 propinqua
571 887 757 970 cognatione
774 887 967 954 coniunctus,
1002 889 1067 955 Sed
1088 889 1167 956 haec
1182 892 1323 976 pluribus

290 991 435 1076 persequi
465 1010 536 1055 curn
566 991 751 1074 magnitudo
781 992 948 1058 voluminis
977 992 1124 1077 prohibet
1149 1000 1216 1059 tum
1239 995 1322 1061 festi-

290 1095 385 1176 natio,
408 1100 442 1159 ut
465 1114 503 1159 ea
525 1095 690 1178 explicem,
715 1115 795 1179 quae
818 1116 947 1162 exorsus
970 1117 1047 1162 surn.
1081 1097 1184 1174 Quare
1199 1098 1240 1182 ad
1254 1120 1322 1184 pro-

289 1199 425 1282 positum
451 1198 615 1264 veniemus
643 1204 675 1264 et
699 1199 733 1264 in
756 1199 815 1266 hoc
834 1221 1035 1285 ¹exponemus
1056 1202 1136 1268 libro
1158 1201 1198 1268 de
1221 1204 1321 1268 excel-

289 1303 425 1368 lentibus
448 1307 626 1366 exteramm
648 1303 791 1386 gentium
814 1303 955 1370 ducibus.

258 1422 270 1473 1
392 1405 629 1488 I.M1nr1unns,
658 1406 800 1472 ,Cimonis
826 1406 918 1490 filius,
952 1408 1156 1476 Atheniensis
1188 1430 1259 1474 cum
1289 1417 1321 1475 et

287 1509 476 1591 antiquitate
497 1509 623 1592 generis
646 1516 677 1574 et
699 1510 799 1593 gloria
814 1510 967 1575 maiorum
983 1517 1014 1576 et
1031 1532 1153 1577 summa
1167 1512 1321 1579 industria

288 1632 369 1677 unus
390 1612 529 1677 maxime
551 1611 675 1678 floreret
698 1633 798 1696 eaque
826 1619 909 1679 esset
932 1620 1049 1697 aetate,
1076 1622 1196 1681 utnon
1219 1617 1320 1682 solum

289 1716 329 1781 de
358 1736 395 1781 eo
423 1717 507 1782 bene
536 1736 671 1801 sperare,
700 1717 757 1782 sed
784 1718 879 1782 etiam
903 1718 1060 1785 confidere
1084 1719 1169 1785 cives
1191 1727 1320 1804 possent

288 1821 390 1885 virum
411 1820 529 1885 bonum
550 1841 621 1885 eum
637 1820 785 1903 futurum,
805 1821 929 1903 accidit,
952 1827 987 1885 ut
1001 1821 1212 1888 Athenienses
1228 1822 1320 1888 Cher-

254 1942 435 1990 rsonesum
465 1924 591 1990 colonos
624 1925 742 1990 vellent
774 1925 907 1991 mittere.
962 1925 1057 1991 Cuius
1089 1926 1215 2009 generis
1249 1946 1319 1991 cum

288 2047 421 2112 magnus
443 2048 592 2094 numerus
616 2033 698 2094 esset
721 2028 864 2094 etmulti
888 2029 954 2094 eius
977 2027 1213 2114 demigrationis
1235 2036 1320 2114 pete-

287 2138 358 2196 rent
384 2131 575 2213 societatcm,
607 2152 648 2196 ex
676 2132 721 2198 eis
744 2131 857 2197 delecti
879 2131 1020 2217 Delphos
1042 2133 1130 2198 missi
1153 2139 1234 2216 sunt,
1266 2133 1319 2217 qui

289 2235 486 2301 consulerent
512 2236 700 2318 Apollinem,
729 2256 789 2318 quo
816 2236 1013 2321 potissimum
1041 2235 1120 2300 duce
1147 2243 1316 2304 uterentur.

255 2355 270 2402 s
289 2340 434 2420 Namque
449 2343 514 2402 tum
532 2339 670 2403 Thraces
687 2358 740 2404 eas
759 2340 904 2423 regiones
926 2340 1087 2421 tenebant,
1112 2360 1183 2404 cum
1205 2341 1318 2423 quibus

287 2442 382 2507 armis
406 2448 472 2506 erat
494 2440 716 2507 dimicandum.
747 2443 989 2509 Consulentibus
1003 2443 1188 2510 nominatim
1202 2445 1319 2528 Pythia

288 2546 456 2631 praecepit,
487 2551 521 2610 ut
543 2545 717 2611 Miltiadem
745 2547 966 2631 imperatorem
992 2547 1053 2613 sibi
1080 2552 1254 2613 sumerent:
1284 2547 1318 2612 id

254 2650 315 2714 lsi
345 2649 503 2732 fecissent,
534 2650 662 2733 incepta
690 2670 841 2734 prospera
869 2649 983 2715 futura.
1028 2651 1098 2716 Hoc
1127 2651 1243 2716 oraculi
1273 2671 1317 2716 re·

288 2773 402 2837 sponso
425 2752 581 2818 Miltiades
604 2772 675 2816 cum
698 2753 821 2818 delecta
842 2774 936 2818 mauu
965 2754 1064 2819 classe
1088 2754 1316 2820 Chersonesum

288 2856 454 2941 profectus,
479 2863 550 2920 cum
571 2856 756 2922 accessisset
778 2858 942 2938 Lemnum,
964 2857 1084 2922 incolas
1107 2858 1174 2924 eius
1195 2859 1317 2924 insulae

253 2962 345 3024 asub
375 2965 562 3043 potestatem
585 2960 825 3026 Atheniensium
854 2959 998 3045 redigere
1027 2961 1133 3026 voluit.
1179 2959 1216 3026 Id
1247 2982 1316 3026 oum

287 3063 410 3127 Lemnii
432 3068 467 3127 ut
489 3081 545 3126 sua
568 3069 680 3147 sponte
702 3063 843 3129 facerent
865 3065 1062 3148 postulasset,
1084 3064 1130 3128 illi
1151 3064 1317 3130 irridentes

287 3166 515 3251 responderunt
538 3172 604 3230 tum
627 3186 661 3232 se
684 3167 767 3249 quod
789 3169 885 3233 vellet
907 3168 1054 3250 facturos,
1082 3187 1153 3233 cum
1180 3167 1233 3233 ille
1254 3189 1317 3234 uno

191 3328 194 3338 ,
288 3270 339 3334 die
362 3269 453 3334 domo
475 3269 610 3336 navibus
632 3270 792 3354 profectus
806 3277 901 3336 vento
916 3271 1060 3354 aquilone
1075 3271 1215 3337 venisset
1228 3273 1317 3337 Lem-

288 3395 371 3438 num.
406 3373 467 3437 Hic
490 3371 575 3437 enim
596 3380 711 3440 ventus
732 3376 773 3441 ab
797 3375 1062 3459 septentrionibus
1085 3375 1188 3441 oriens
1209 3374 1317 3441 adver-

254 3477 356 3542 osum
386 3481 473 3540 tenet
499 3475 633 3542 Athenis
663 3476 943 3561 proficiscentibus.
988 3477 1145 3543 Miltiades
1174 3477 1317 3544 morandi

287 3589 411 3664 tempus
433 3601 496 3644 non
519 3579 641 3646 habens
664 3601 788 3646 cursum
817 3581 941 3664 direxit,
973 3601 1034 3664 quo
1061 3581 1220 3664 tendebat,
1249 3602 1316 3666 per-

254 3684 439 3766 ·zvenitque
462 3683 700 3750 Chersonesum.
750 3685 800 3751 Ibi
826 3685 916 3750 brevi
945 3691 1085 3770 tempore
1113 3686 1315 3751 barbarorum

289 3786 385 3870 copiis
406 3785 553 3867 disiectis,
577 3793 644 3852 tola
659 3787 797 3871 regione,
822 3809 916 3870 quam
938 3788 1082 3872 petierat,
1109 3789 1225 3872 potitus
1248 3790 1317 3853 loca
