2890 4196
239 179 279 244 68
528 196 618 250 XVII,
637 195 859 250 AGESILAUS.
879 200 903 250 6.
923 200 946 250 7.
959 200 983 252 8.

239 369 369 450 consilii,
394 389 590 434 commovere
614 389 648 434 se
671 389 733 433 non
757 370 826 434 ausi
841 390 878 434 eo
894 369 1042 435 libentius
1057 371 1270 454 perstiterunt,

239 471 323 554 quod
344 472 443 536 latere
465 472 708 552 arbitrabantur,
734 491 814 553 quae
837 472 1061 555 cogitaverant.

206 591 220 642 t
286 587 287 590 ’
341 577 415 642 Post
444 575 641 640 Leuctricam
669 595 810 659 pugnam
839 575 1080 640 Lacedaemonii
1115 597 1149 642 se
1183 599 1270 642 num·

240 701 334 764 quam
357 680 534 744 refecerunt
556 698 659 760 neque
674 679 841 762 pristinum
856 679 1022 762 imperium
1037 689 1269 763 recuperarunt,

240 805 310 850 cum
333 783 459 848 interim
481 803 653 864 numquam
675 783 842 866 Agesilaus
865 782 994 864 destitit,
1023 785 1270 866 quibuscumque

206 887 333 953 archus
356 893 470 971 posset,
499 885 635 970 patriam
657 885 774 950 iuvare.
820 886 903 949 Nam
928 905 998 949 cum
1021 888 1191 970 praecipue
1214 889 1270 952 La·
1365 917 1368 922 ·

124 1033 126 1036 .
225 989 434 1057 cedaemonii
457 989 635 1072 indigerent
657 989 800 1072 pecunia,
824 989 876 1052 ille
900 989 1053 1070 omnibus,
1078 991 1131 1072 qui
1154 1011 1173 1054 a
1196 1011 1270 1074 rege

162 1155 164 1162 .
239 1092 430 1173 defecerant,
461 1091 618 1176 praesidio
640 1092 714 1176 fuit3
741 1111 762 1156 a
789 1091 901 1173 quibus
923 1112 1040 1175 magna
1063 1091 1196 1158 donatus
1219 1113 1270 1178 pe·

194 1197 221 1260 'a
240 1197 333 1261 cunia
354 1196 488 1280 patriam
512 1195 698 1259 sublevavit.
745 1196 848 1275 Atque
870 1195 904 1257 in
928 1194 987 1258 hoc
1008 1194 1085 1259 illud
1107 1196 1140 1260 in
1162 1197 1270 1281 primis

179 1303 182 1309 '
238 1298 299 1363 fuit
318 1297 512 1378 admirabile,
536 1296 629 1386 quod,
654 1317 724 1362 cum
740 1299 880 1361 maxima
895 1318 1026 1364 munera
1041 1299 1070 1364 ei
1085 1299 1126 1364 ab
1142 1301 1270 1382 regibus

237 1421 277 1468 ac
307 1401 452 1484 dynastis
482 1401 724 1483 civitatibusque
755 1401 978 1483 conferrentur,
1013 1401 1091 1466 nihil
1120 1423 1269 1485 umquam

238 1504 365 1569 domum
396 1524 484 1569 suam
513 1504 642 1584 rettulit,
672 1503 752 1567 nihil
781 1503 821 1568 de
848 1503 943 1584 rictu,
975 1504 1053 1572 nihil
1084 1504 1123 1570 de
1153 1507 1269 1572 vestitu

204 1609 406 1673 rhamnum
432 1606 575 1672 mutavit.
620 1607 722 1672 Domo
757 1605 868 1673 eadem
900 1607 961 1672 fuit
999 1614 1173 1690 contentus,
1208 1631 1269 1692 qua

237 1711 455 1794 Eurysthenes
488 1710 592 1774 fuerat
626 1728 713 1794 usus3
753 1729 846 1791 quam
881 1711 934 1792 qui
971 1711 1112 1793 intrarat,
1151 1713 1268 1777 nullum

238 1809 363 1898 signum
385 1812 535 1894 libidinis,
563 1813 683 1876 nullum
704 1813 849 1877 luxuriae
871 1812 980 1878 videre
1002 1820 1134 1898 poterat,
1162 1823 1270 1881 contra

239 1938 276 1982 ea
298 1917 431 2002 plurima
453 1915 743 2001 patientiaeatque
769 1916 995 1981 abstinentiaet
1027 1918 1072 1982 sic
1095 1918 1179 1982 enim
1202 1927 1269 1984 erat

174 2066 177 2072 ,
237 2021 399 2100 instructa,
422 2026 457 2083 ut
478 2019 511 2083 in
534 2019 620 2084 nulla
641 2038 675 2085 re
698 2017 837 2083 differret
858 2039 880 2084 a
901 2020 1038 2086 cuiusvis
1056 2021 1160 2105 inopis
1173 2029 1268 2104 atque

237 2123 362 2206 privati.

203 2238 221 2292 s
278 2241 280 2246 ’
342 2223 446 2306 Atque
475 2224 527 2288 hic
557 2231 663 2290 tantus
692 2227 750 2307 vir,
784 2233 819 2291 ut
848 2232 990 2291 naturam
1021 2227 1186 2293 fautricem
1215 2228 1269 2292 ha-

238 2327 348 2391 buerat
384 2326 417 2391 in
451 2322 627 2392 tribuendis
662 2329 760 2393 animi
796 2329 975 2410 virtutibus,
1013 2331 1059 2395 sio
1096 2332 1267 2414 malignam

238 2435 348 2496 nactus
371 2435 419 2496 est
441 2431 474 2494 in
498 2451 626 2516 corpore
647 2430 805 2516 fingendo.
830 2433 913 2496 Nam
937 2440 968 2497 et
990 2439 1110 2499 statura
1132 2435 1192 2499 fuit
1213 2435 1269 2499 lru-

237 2533 302 2597 mili
325 2540 356 2599 et
380 2554 507 2618 corpore
529 2534 646 2618 exiguo
669 2541 701 2600 et
723 2534 853 2600 claudus
875 2536 973 2600 altero
995 2536 1086 2620 pede.
1112 2536 1266 2612 Quaeres

238 2637 331 2701 etiam
354 2637 473 2719 aliquid
495 2635 649 2702 afferebat
662 2636 881 2719 deformitatis,
905 2645 1000 2722 atque
1021 2641 1130 2723 ignoti,
1153 2640 1266 2705 faciem

132 2815 135 2820 ι
237 2739 304 2803 eius
327 2759 397 2803 curn
418 2740 623 2821 intuerentur,
648 2741 904 2826 contemnebant3
932 2742 986 2824 qui
1007 2747 1113 2807 autem
1135 2743 1268 2808 virtutes

80 2863 183 2905 sonci.
204 2848 400 2922 amoverant,
434 2862 497 2906 non
529 2849 676 2926 poterant
709 2842 857 2908 admirari
891 2845 975 2909 satis.
1022 2844 1114 2922 Quod
1147 2846 1176 2911 ei
1208 2867 1267 2911 usu

236 2944 333 3024 venit,
361 2964 431 3009 oum
458 2965 612 3010 annorum
633 2969 713 3009 nxxx
736 2946 876 3013 subsidio
898 2946 1005 3012 Tacho
1027 2948 1060 3012 in
1083 2949 1266 3032 Aegyptum

236 3047 349 3111 missus
371 3047 404 3110 in
427 3054 499 3111 acta
521 3066 592 3112 curn
614 3048 679 3114 suis
701 3049 898 3116 accubuisset
921 3050 990 3115 sine
1011 3051 1074 3116 ullo
1093 3057 1176 3117 tecto
1192 3058 1267 3118 stra-

236 3156 364 3230 tumque
386 3149 518 3214 haberet
539 3150 613 3232 tale,
640 3158 675 3217 ut
696 3157 780 3216 terra
801 3157 885 3217 tecta
908 3159 991 3219 esset
1013 3155 1193 3219 stramentis
1213 3175 1266 3219 ne-

237 3272 297 3334 que
328 3273 364 3318 eo
393 3253 528 3336 amplius
558 3273 653 3336 quam
682 3255 774 3339 pellis
809 3262 892 3322 esset
925 3257 1055 3339 iniecta,
1092 3257 1266 3341 eodemque

237 3355 365 3421 comites
387 3375 496 3420 omnes
511 3357 733 3423 accubuissent
748 3355 865 3425 vestitu
879 3360 988 3425 humili
1004 3368 1099 3444 atque
1114 3363 1263 3442 obsoleto,

237 3464 271 3522 ut
304 3478 410 3524 eorum
444 3459 571 3525 omatu's
604 3481 667 3525 non
697 3462 790 3528 modo
819 3463 854 3528 in
887 3464 933 3530 cis
970 3485 1078 3548 regem
1106 3465 1265 3530 neminem

237 3561 436 3645 significaret,
452 3561 508 3627 sed
523 3563 666 3630 homines
681 3584 829 3630 essenon
844 3567 1044 3633 beatissimos
1056 3569 1266 3652 suspicionem

203 3666 410 3748 epraeberet.
444 3667 545 3732 Huius
567 3663 607 3732 de
630 3667 769 3733 adventu
792 3670 878 3735 fama
901 3691 971 3736 cum
994 3671 1035 3735 ad
1057 3673 1160 3755 regios
1183 3680 1266 3738 esset

236 3768 365 3851 perlata,
390 3770 531 3834 celeriter
553 3791 684 3836 munera
707 3792 743 3836 eo
767 3774 904 3841 cuiusvis
926 3776 1052 3859 generis
1071 3783 1144 3840 suut
1159 3777 1263 3841 allata.
