2890 4196
266 184 309 248 90
559 204 667 258 xxur.
687 204 895 258 HANNIBAL.
915 209 1008 286 scu.

266 375 434 455 consulem,
464 376 497 440 in
519 376 657 442 Lucanis
683 377 801 442 absens
826 377 859 442 in
886 377 1019 444 insidias
1045 379 1208 444 inductum
1238 399 1302 443 sus-

265 477 342 542 tulit.
377 478 418 542 M.
430 478 608 570 ,claudum
630 479 823 560 Marcellum,
852 480 996 561 quintum
1020 482 1190 562 consulem,
1217 481 1303 565 apud

110 609 205 651 cosses
231 599 248 645 4
267 581 438 646 Venusiam
460 581 644 665 parimodo
666 581 832 646 interfecit.
862 583 1006 667 Longum
1030 590 1078 648 est
1100 584 1207 648 omnia
1229 604 1302 649 enu-

264 702 386 748 merare
412 684 540 768 proelia.
587 683 693 760 Quare
719 683 779 749 hoc
805 703 904 750 unum
926 686 1004 750 satis
1027 686 1087 750 erit
1108 685 1237 766 dictum,
1260 706 1302 750 ex

265 806 326 870 quo
348 786 491 869 intellegi
512 786 621 870 possit,
645 793 782 869 quantus
804 787 857 851 ille
880 787 988 852 fuerit:
1012 789 1163 870 quamdiu
1185 789 1219 853 in
1241 791 1301 853 Ita-

264 891 307 954 lia
329 889 397 972 fuit,
429 885 522 955 nemo
550 890 579 954 ei
608 890 643 954 in
671 891 741 954 acie
770 890 894 970 restitit,
925 910 1019 956 nemo
1046 892 1199 956 adversus
1229 911 1300 956 eum

264 1001 334 1077 post
358 993 559 1059 Cannensem
582 1014 722 1077 pugnam
744 993 777 1058 in
801 1013 913 1077 campo
936 1000 1039 1059 castra
1060 995 1173 1078 posuit.

109 1111 248 1164 rosaceo
368 1098 452 1162 Hinc
473 1098 610 1162 invictus
632 1097 768 1181 patriam
795 1096 962 1162 defensum
989 1106 1154 1164 revocatus
1181 1099 1299 1164 bellum

263 1201 360 1286 gessit
378 1200 535 1286 adversus
550 1202 584 1265 P.
602 1200 792 1285 Scipionem,
816 1201 916 1266 filium
932 1200 1000 1268 eius
1015 1202 1181 1285 Scipionis,
1206 1222 1299 1285 quem
1336 1205 1340 1210 '

263 1305 331 1388 ipse
353 1303 488 1387 primum
509 1302 596 1386 apud
610 1303 809 1383 Rhodanum,
832 1303 947 1367 iterum
961 1304 1048 1387 apud
1062 1305 1217 1386 licinum,
1241 1312 1299 1369 ter-

228 1407 341 1471 atium
371 1406 457 1490 apud
483 1399 631 1472 Trebiam
661 1406 797 1490 fugarat.
845 1407 923 1472 (lum
952 1406 1014 1472 hoc
1044 1407 1208 1473 exhaustis
1236 1408 1299 1472 iam

262 1509 384 1593 patriae
406 1508 609 1575 facultatibus
632 1509 751 1595 cupivit
773 1509 807 1572 in
829 1499 1010 1594 praesentia
1032 1510 1151 1575 bellum
1179 1531 1299 1595 compo-

262 1633 347 1694 nere,
375 1633 436 1696 quo
463 1613 618 1678 ualentior
640 1619 750 1696 postea
773 1611 1025 1696 congrederetur.
1070 1615 1184 1696 Itaque
1210 1615 1300 1680 collo·

107 1738 209 1780 coraus.
230 1731 245 1776 3
265 1716 372 1799 quium
402 1717 559 1797 convenit,
591 1715 792 1781 condiciones
823 1737 886 1782 non
917 1725 1140 1801 conuenerunt.
1186 1718 1300 1782 Paucis

263 1820 374 1886 diebus
395 1828 467 1905 post
487 1810 575 1903 apud
588 1821 721 1884 Zamam
743 1839 814 1884 cum
838 1819 985 1903 Scipione
1010 1820 1166 1886 conflixit:
1189 1822 1299 1905 pulsus

262 1922 460 2008 (incredibile
482 1921 582 2008 dictu)
605 1921 701 1987 biduo
724 1929 756 1987 et
770 1922 893 1991 duabus
907 1923 1054 1988 noctibus
1067 1922 1297 1989 Hadrumetum

262 2025 415 2110 pervenit,
446 2025 530 2107 quod
559 2026 650 2092 abest
679 2027 720 2091 ab
748 2027 847 2090 Zama
878 2025 1000 2090 circiter
1030 2027 1117 2090 milia
1147 2046 1298 2111 passuum

226 2121 406 2194 educente.
451 2130 490 2192 ln
512 2128 573 2193 hae
595 2129 673 2212 fuga
694 2128 861 2210 Numidae,
891 2130 944 2212 qui
971 2129 1064 2194 simul
1093 2115 1161 2194 oum
1191 2151 1228 2195 eo
1256 2151 1298 2195 ex

261 2234 329 2298 acie
352 2240 563 2313 excesserant,
587 2233 727 2298 insidiati
751 2233 780 2298 ei
803 2241 889 2318 sunt3
913 2253 991 2316 quos
1013 2253 1077 2300 non
1100 2235 1199 2299 solum
1222 2235 1299 2300 effu-

261 2338 317 2421 git,
340 2335 397 2401 sed
421 2335 515 2401 etiam
537 2337 622 2420 ipsos
645 2336 809 2420 oppressit.
833 2335 1020 2408 Hadrumeti
1035 2337 1171 2419 reliquos
1187 2357 1204 2401 e
1219 2337 1297 2420 fuga

262 2440 399 2525 collegit;
423 2439 514 2504 novis
537 2425 711 2504 dilectibus?
726 2440 836 2522 paucis
859 2439 971 2504 diebus
993 2441 1108 2504 multos
1129 2442 1296 2507 contraxit.

106 2557 207 2599 aoracn.
228 2551 242 2602 t
264 2545 343 2610 Cum
365 2545 398 2608 in
421 2541 604 2626 apparando
631 2543 783 2607 acerrime
797 2549 894 2618 ,esset
921 2551 1101 2627 occupatus,
1135 2544 1298 2627 Carthagi-

261 2649 386 2712 nienses
408 2647 525 2710 bellum
549 2666 619 2710 cum
640 2645 792 2711 Romanis
815 2653 1065 2729 composuerunt.
1111 2647 1169 2710 llle
1197 2646 1296 2712 nihilo

261 2751 357 2816 setius
385 2750 537 2814 exercitui
562 2756 673 2833 postea
699 2748 836 2833 praefuit
863 2767 977 2832 resque
1004 2750 1037 2812 in
1060 2749 1168 2814 Africa
1197 2752 1296 2834 gessit

105 2865 207 2908 sonaci.
227 2861 241 2908 2
261 2871 360 2936 usque
382 2851 424 2915 ad
445 2853 480 2916 P.
497 2849 670 2935 Sulpicium
694 2851 729 2918 O.
746 2851 909 2916 Aurehum
933 2853 1084 2918 consules.
1129 2853 1188 2917 His
1211 2853 1295 2918 eninr

260 2954 495 3038 magistratibus
526 2954 623 3036 legati
654 2955 933 3038 Carthaginienses
964 2956 1096 3019 Romam
1130 2964 1293 3036 uenerunt,

261 3059 314 3142 qui
347 3058 471 3123 senatui
501 3058 678 3142 populoque
708 3059 849 3122 Romano
883 3057 1002 3141 gratias
1035 3064 1176 3140 agerent,
1212 3059 1294 3140 quod

260 3180 367 3227 secum
393 3180 503 3243 pacem
533 3159 693 3242 fecissent,
725 3160 765 3224 oh
797 3180 929 3243 eamque
958 3180 1024 3226 rem
1056 3180 1171 3225 corona
1199 3181 1295 3226 aurea

261 3284 314 3330 eos
337 3264 491 3328 donarent
514 3264 667 3347 simulque
689 3269 843 3347 peterent,
866 3270 901 3327 ut
923 3262 1052 3328 obsides
1066 3263 1205 3346 ipsorum
1221 3263 1294 3328 Fre·

227 3367 351 3452 egellis
375 3373 480 3432 essent
502 3367 682 3451 captivique
704 3366 918 3432 redderentur.
947 3365 1003 3432 ldis
1023 3385 1064 3431 ex
1079 3373 1208 3432 senatus
1224 3386 1295 3431 con·

262 3470 342 3536 sulto
364 3488 549 3553 responsum
572 3475 633 3535 est:
656 3489 769 3534 munus
792 3488 898 3534 eorum
920 3475 1043 3552 gratum
1068 3475 1295 3552 acceptumque

262 3593 345 3656 esse;
369 3572 504 3654 obsides,
529 3593 590 3655 quo
605 3573 672 3638 loco
688 3578 845 3655 rogarent,
869 3571 1004 3655 futuros,
1022 3571 1164 3656 captivos
1179 3591 1214 3638 se
1230 3592 1294 3638 non

261 3676 454 3757 remissurus,
479 3675 562 3758 quod
576 3675 797 3756 Hannibalem,
821 3675 909 3740 ouius
924 3693 1020 3760 opera
1036 3681 1215 3758 susceptum
1231 3675 1296 3739 bel·

262 3780 326 3844 lum
349 3787 441 3861 esset,
464 3779 712 3844 inimicissimum
735 3777 855 3844 nomini
869 3779 1021 3859 Romano,
1045 3776 1206 3842 etiamtum
1222 3797 1294 3843 curn
