2934 4192
501 222 565 279 uu.
584 213 820 280 summanus
839 229 862 280 r.
876 229 900 282 a.
981 291 983 299 k
1170 207 1210 273 27

286 395 374 460 Haec
408 394 566 460 Alcibiadi
598 395 719 461 laetitia
753 417 815 461 non
849 397 944 462 nimis
974 396 1034 461 fuit
1055 395 1246 468 diutuma.u

183 499 267 562 Nam
294 518 365 563 cum
392 497 422 563 ei
449 511 558 564 omnes
585 505 691 564 essent
717 499 851 565 honores
874 499 992 565 decreti
1014 506 1141 582 totaque
1163 519 1214 565 res

183 600 310 684 publica
339 600 425 666 domi
455 602 591 684 bellique
621 600 746 684 tradita,
776 610 812 668 ut
839 604 944 668 omnia
970 603 1063 669 unius
1084 603 1213 669 arbitrio

183 710 366 787 gererentur
398 711 430 770 et
456 705 524 790 ipse
547 706 745 790 postulasset,
773 712 807 771 ut
833 707 894 771 duo
917 707 978 773 sibi
1001 708 1139 789 collegae
1162 705 1214 770 da-

183 815 299 890 rentur,
326 809 536 875 Aristocrates
560 816 592 874 et
613 810 811 891 Adimantus,
840 811 940 876 classe
961 811 993 875 in
1016 812 1125 876 Asiam
1147 831 1214 895 pro-

183 911 293 994 fectus,
317 911 401 995 quod
422 913 508 997 apud
530 912 691 996 Ephesum
712 914 817 979 minus
837 934 877 978 ex
893 915 1050 979 sententia
1064 935 1130 979 rem
1145 933 1213 998 ges·
1264 934 1365 977 rusca

182 1022 275 1096 serat,
302 1016 335 1080 in
358 1016 511 1081 invidiam
534 1016 654 1081 recidit.
691 1017 779 1083 Nihil
802 1018 884 1082 enim
908 1038 979 1082 eum
1002 1029 1064 1083 u'on
1088 1017 1213 1083 efficere

182 1138 274 1203 posse
290 1118 457 1184 ducebant.
487 1121 536 1184 Ex
554 1140 614 1202 quo
629 1119 735 1202 fiebat,
759 1126 793 1184 ut
813 1107 918 1185 omnia
940 1121 1044 1186 minus
1066 1141 1212 1205 prospere
1231 1136 1247 1184 2

182 1227 273 1305 gesta
303 1223 415 1306 culpae
444 1222 627 1304 tribuerent,
659 1243 728 1296 cum
758 1229 814 1287 aut
839 1223 1044 1308 neglegenter
1067 1244 1137 1288 eum
1160 1230 1214 1288 aut

183 1327 336 1391 malitiose
365 1325 480 1392 fecisse
509 1328 726 1412 loquerentur;
757 1328 837 1392 sicut
866 1334 932 1392 tum
961 1327 1086 1392 accidit.
1130 1328 1212 1392 Nam

184 1435 362 1514 corruptum
384 1450 405 1494 a
427 1449 502 1514 rege
523 1431 642 1495 victum
666 1450 700 1496 ue
722 1431 858 1496 voluisse
881 1432 1064 1515 arguebant.
1101 1431 1247 1513 ltaquea

184 1533 228 1596 illi
250 1533 389 1598 maximo
411 1539 559 1616 putamus
582 1534 664 1598 malo
686 1533 785 1600 fuisse
807 1534 937 1598 nimiam
964 1535 1142 1618 opinionem
1169 1535 1214 1597 iu-

181 1636 267 1720 genii
289 1641 384 1718 atque
406 1637 540 1702 uirtutis.
582 1631 782 1720 Diligebatur
804 1638 888 1701 enim
910 1658 973 1703 non
995 1638 1097 1721 magis
1120 1657 1213 1719 quam

60 1774 62 1778 ·
182 1739 361 1820 timebatur,
389 1759 430 1804 ne
458 1739 597 1805 secunda
623 1740 750 1804 fortuna
772 1739 958 1825 magnisque
981 1741 1091 1824 opibus
1114 1741 1213 1804 elatus
1296 1793 1299 1804 .

183 1841 384 1924 tyrannidem
408 1843 651 1927 concupisceret.
697 1842 818 1920 Quibus
839 1846 933 1910 rebus
955 1845 1073 1909 lactum
1096 1848 1153 1924 est,
1180 1849 1214 1906 ut

182 1944 307 2011 absenti
334 1932 552 2030 magistratum
579 1946 768 2031 abrogarent
795 1954 826 2012 et
848 1948 944 2012 alium
965 1947 998 2011 iu
1022 1947 1089 2012 eius
1111 1947 1212 2010 locum

183 2049 417 2114 substituerent.
444 2049 482 2114 Id
497 2050 550 2114 ille
564 2057 599 2115 ut
620 2049 752 2133 audivit,
776 2049 903 2116 domum
925 2051 1040 2116 reverti
1060 2050 1160 2115 noluit
1182 2055 1246 2113 etr

182 2155 323 2236 Pactyen
339 2173 373 2218 se
389 2153 520 2242 cqutuht
534 2155 641 2237 ibique
656 2154 716 2219 tria
736 2155 865 2219 castella
887 2155 1078 2236 communiit,
1101 2153 1212 2233 Ornos,

182 2255 365 2337 Bisantben,
388 2256 593 2339 Neontichos,
615 2277 775 2340 manuque
794 2259 925 2323 collecta
939 2258 1058 2342 primus
1074 2258 1213 2323 Graecae

183 2360 318 2425 civitatis
345 2360 378 2423 iu
405 2360 584 2425 interiorem
610 2361 778 2426 Thraciam
804 2362 932 2442 introiit,
959 2360 1123 2445 gloriosius
1149 2360 1214 2424 exi·
1272 2438 1275 2450 ι

182 2464 313 2528 stimans
335 2463 538 2527 barbarorum
560 2463 679 2547 praeda
700 2464 883 2548 locupletari
902 2485 996 2545 quam
1012 2463 1209 2529 Graecorum.

183 2566 253 2643 Qua
276 2587 316 2632 ex
339 2587 373 2631 re
396 2572 538 2632 creverat
561 2586 631 2631 cum
657 2566 744 2631 fama
769 2573 836 2632 turn
863 2567 975 2651 opibus
1001 2575 1245 2649 magnamquet

147 2723 149 2730 ,
182 2669 352 2734 amicitiam
368 2669 428 2735 sibi
444 2689 514 2734 cum
531 2669 718 2752 quibusdam
733 2671 860 2753 regibus
871 2669 1025 2735 Thraciae
1036 2676 1209 2754 pepererat.

284 2774 397 2855 Neque
427 2778 534 2837 tamen
563 2792 584 2836 a
614 2773 744 2838 caritate
773 2773 894 2857 patriae
924 2773 1026 2856 potuit
1053 2772 1247 2838 recederes

182 2877 265 2940 Nam
296 2895 366 2940 cum
397 2876 482 2960 apud
504 2877 610 2959 Aegos
636 2875 753 2942 flumen
775 2876 948 2966 Philocles,
968 2883 1093 2960 praetor
1118 2876 1211 2941 Athe·
1292 2911 1295 2967 3

183 2979 349 3060 niensium,
373 2980 506 3044 classem
530 2979 742 3044 constituisset
758 2999 846 3044 uuam
861 2999 964 3061 neque
978 2981 1072 3062 longe
1086 2979 1213 3045 abesset

183 3081 358 3166 Lysander,
385 3083 564 3166 praelectus
587 3081 917 3164 Lacedaemoniorum,
946 3083 1058 3165 quiin
1085 3088 1212 3148 ecerat

183 3192 362 3270 occupatus,
385 3192 419 3249 ut
441 3187 556 3251 bellum
581 3207 674 3268 quam
697 3187 871 3251 diutissime
894 3186 1030 3267 duceret,
1053 3185 1136 3268 quod
1151 3187 1210 3270 ipsi

182 3289 317 3374 pecunia
338 3309 358 3353 a
379 3309 454 3374 rege
481 3290 750 3374 suppeditabatur,
777 3290 1023 3356 Atheniensibus
1050 3288 1211 3355 exhaustis

182 3398 307 3476 praeter
335 3413 423 3457 arma
454 3400 484 3458 et
514 3413 613 3458 naves
643 3391 721 3457 nihil
751 3398 921 3476 supererat,
960 3392 1140 3460 Alcibiades
1169 3393 1243 3456 ad2

179 3496 355 3566 ¹exercitum
392 3496 480 3560 venit
508 3496 749 3562 Atheniensium
778 3497 885 3578 ibique
917 3503 1083 3581 praesente
1114 3496 1210 3579 vulgo

183 3620 277 3683 agere
306 3600 424 3683 coepit:
452 3600 479 3664 si
501 3601 629 3681 vellent,
653 3620 687 3665 se
710 3605 886 3665 coacturum
901 3599 1100 3682 Lysandrum
1123 3598 1218 3678 dimi-¹

184 3721 254 3767 care
276 3708 332 3766 aut
353 3722 464 3787 pacem
490 3709 614 3787 petere:
644 3703 912 3769 Lacedaemonios
939 3723 975 3768 eo
1001 3703 1084 3767 nolle
1110 3703 1210 3767 classe

184 3805 366 3888 confligere,
394 3803 478 3885 quod
503 3805 703 3889 pedestribus
733 3806 832 3888 copiis
857 3806 929 3888 plus
955 3823 1048 3886 quarn
1075 3805 1210 3868 navibus
