2934 4192
336 220 369 272 x.
383 220 478 278 oron.
498 223 538 277 ro.
573 221 624 274 xr.
643 220 878 276 rrnronnrns.
900 227 921 278 1.
935 225 960 278 a.
1125 208 1164 270 41

130 398 243 481 quibus
266 397 329 460 tale
359 394 481 459 facinus
501 393 697 478 displicebat.
732 395 760 458 li
781 393 864 459 salsa
883 395 1061 479 suspicione
1081 395 1166 461 ducti

129 503 330 566 immerentes
352 505 386 562 ut
409 498 577 563 sceleratos
604 496 760 562 occidunt.
805 498 917 563 Dionis
944 497 984 563 de
1011 505 1110 565 morte
1132 508 1202 567 uta

129 604 235 689 palam
257 602 375 666 factum
398 607 455 682 est,
479 600 664 665 mirabiliter
686 601 773 685 vulgi
795 608 916 666 mutata
939 609 987 668 est
1009 603 1164 668 voluntas.

129 709 212 772 Nam
235 706 289 789 qui
311 705 419 770 vivum
441 702 534 769 modo
558 710 728 787 tyrannum
751 704 937 786 vocitarent,
965 704 1061 770 iidem
1088 726 1166 771 mor-

129 819 218 876 tuum
239 809 438 874 liberatorem
465 807 587 891 patriae
609 809 801 891 tyrannique
824 809 1023 892 expulsorem
1046 809 1166 893 praedi-

130 913 255 978 cabant.
301 913 349 976 Ae
376 911 422 976 sic
443 910 547 976 subito
570 911 784 976 misericordia
806 910 878 976 odio
901 919 1104 994 successerat,
1132 922 1168 978 ut

131 1037 202 1082 euru
229 1035 285 1080 suo
308 1013 462 1098 sanguine
491 1014 533 1079 ab
563 1014 752 1095 Acherunte,
788 1015 814 1080 si
844 1021 983 1098 possent,
1018 1024 1168 1100 cuperent

130 1119 291 1184 redimere.
326 1120 437 1199 ltaque
451 1117 485 1181 in
500 1118 579 1183 urbe
595 1117 797 1183 celeberrimo
812 1119 890 1198 loco,
914 1119 1015 1184 elatus
1030 1119 1165 1204 publice,
1185 1138 1201 1185 e

101 1222 265 1307 ¹sepulcri
298 1227 500 1286 monumento
534 1219 667 1286 donatus
701 1227 758 1286 est.
807 1221 900 1286 Diem
934 1222 1011 1286 obiit
1045 1223 1166 1288 circiter
1219 1251 1322 1295 emme

129 1346 229 1392 annos
255 1350 295 1389 nv
321 1331 424 1406 natus,
454 1331 600 1407 quartum
628 1330 699 1408 post
725 1344 858 1406 annum,
892 1345 985 1408 quarn
1013 1345 1054 1390 ex
1079 1326 1166 1391 Pelo·

130 1449 270 1514 ponneso
291 1429 325 1494 in
348 1427 487 1494 Siciliam
510 1426 654 1492 redierat.

231 1533 289 1598 XI.
323 1533 514 1596 Irmcnsrns
536 1530 740 1596 Atheniensis
767 1552 831 1596 non
858 1537 924 1594 tam
946 1532 1198 1616 magnitudinel

130 1657 234 1704 rerum
267 1641 426 1717 gestarum
466 1655 561 1716 quam
598 1634 731 1699 scientia
768 1641 799 1698 et
836 1633 1003 1718 disciplina
1039 1636 1166 1700 militari

131 1740 312 1806 nobilitatus
335 1744 392 1802 est.
431 1737 505 1802 Fuit
528 1737 612 1802 enim
634 1737 706 1802 talis
729 1737 804 1817 dux,
828 1743 948 1802 utnon
972 1738 1072 1804 solum
1095 1759 1165 1804 curn

130 1842 240 1927 primis
261 1841 373 1905 aetatis
400 1860 476 1905 suae
504 1846 745 1924 compararetur,
777 1839 902 1906 sedne
930 1840 970 1905 de
995 1841 1165 1908 maioribus

130 1944 258 2029 quidem
281 1945 445 2026 quisquam
472 1950 723 2027 anteponeretur.
770 1945 902 2010 Multum
924 1963 999 2009 vero
1026 1944 1060 2008 in
1082 1945 1200 2010 bellos

131 2055 179 2114 est
204 2054 360 2128 versatus,
393 2066 488 2130 saepe
515 2047 707 2113 exercitibus
737 2048 888 2131 praefuit:
923 2067 1078 2129 nusquam
1108 2069 1166 2115 sua

131 2152 223 2236 culpa
244 2151 326 2214 male
348 2171 414 2214 rem
441 2151 549 2234 gessit,
578 2170 703 2234 semper
730 2151 859 2216 consilio
881 2151 957 2215 vicit
979 2157 1165 2235 tantumque

131 2275 167 2321 eo
190 2255 298 2335 valuit,
325 2260 360 2318 ut
386 2253 484 2317 multa
509 2255 541 2317 in
564 2273 598 2318 re
621 2253 748 2318 militari
770 2255 885 2338 partim
911 2274 995 2319 nova
1016 2257 1163 2338 attulerit,
1191 2339 1193 2348 γ

130 2359 243 2443 partim
266 2357 395 2422 meliora
416 2356 535 2422 fecerit.
566 2357 706 2422 Maxime
728 2357 889 2441 pedestria
910 2378 998 2422 arma
1019 2360 1162 2424 mutavit.

131 2463 209 2530 cum
233 2461 317 2525 enirn
338 2467 414 2524 ante
436 2460 523 2524 illum
546 2460 766 2543 imperatorem
789 2461 935 2525 maximis
955 2461 1074 2544 clipeis,
1097 2464 1163 2528 bre
1182 2482 1199 2529 3

129 2567 222 2632 vibus
248 2563 357 2644 hastis,
388 2563 516 2628 minutis
543 2563 658 2646 gladiis
684 2569 855 2645 uterentur,
885 2564 938 2630 ille
964 2583 982 2629 e
1009 2566 1163 2630 contrario

129 2670 246 2754 peltam
268 2687 399 2751 parvam
427 2666 524 2747 dedit,
555 2673 589 2730 ut
614 2666 656 2730 ad
679 2673 781 2731 motus
805 2687 1036 2750 concursusque
1058 2676 1164 2734 essent

129 2753 275 2854 leviorem
298 2770 409 2834 hastae
423 2769 551 2835 modum
567 2769 748 2853 duplicavit,
768 2770 890 2854 gladios
905 2771 1062 2854 longiores
1076 2772 1160 2837 fecit.
1181 2790 1198 2836 r

129 2875 219 2941 Idem
239 2873 363 2938 invenit
383 2893 485 2958 genus
511 2873 678 2939 loricarum
704 2874 900 2957 aptisimnm:
929 2896 986 2959 pro
1013 2878 1163 2943 consertis

129 2985 224 3061 atque
246 2977 355 3042 aeneis
376 2977 489 3042 linteas
512 2975 609 3042 dedit.
655 2976 724 3054 Quo
746 2977 831 3043 facto
854 2978 1064 3063 expeditiores
1086 2981 1163 3045 mib-

128 3089 177 3148 tes
198 3078 350 3145 reddidit:
380 3100 454 3144 narn
477 3080 617 3164 pondere
640 3080 789 3162 detracto,
821 3080 904 3163 quod
926 3102 1027 3165 aeque
1051 3103 1162 3168 corpus

128 3190 258 3269 tegeret,
283 3183 412 3248 curavit.
451 3184 574 3248 Bellum
591 3204 661 3248 cum
675 3183 851 3249 Thracibus
866 3185 977 3269 gessit;
1001 3186 1160 3269 Seuthem,
1180 3216 1200 3270 2

129 3287 248 3354 socium
270 3285 520 3368 Atheniensium,
543 3287 576 3351 in
599 3306 731 3371 regnum
753 3288 897 3353 restitnit.
941 3288 1035 3372 Apud
1059 3289 1163 3356 Corin·

128 3391 218 3458 thum
244 3395 334 3454 tanta
360 3390 528 3454 severitate
555 3391 707 3456 exercitui
735 3391 929 3456 conducticia
956 3392 1101 3476 praefuit,
1128 3401 1163 3460 ut

127 3494 233 3560 nullae
262 3512 412 3575 umquam
438 3493 472 3557 in
499 3493 633 3558 Graecia
662 3514 765 3577 neque
793 3495 1027 3562 exercitatiores
1054 3499 1163 3581 copiae

128 3617 232 3679 neque
260 3596 363 3678 magis
393 3595 477 3661 dicto
507 3594 672 3663 audientes
702 3603 808 3664 essent
841 3597 927 3683 duci;
960 3599 994 3664 in
1028 3620 1194 3684 eamquea

129 3699 388 3766 consuetudinem
410 3698 554 3780 adduxit,
576 3705 620 3782 ut,
644 3700 846 3785 cum‘proelii
866 3702 992 3786 signum
1011 3705 1051 3769 ab
1067 3705 1163 3788 impe·

128 3810 231 3869 ratore
268 3811 351 3868 esset
387 3803 510 3886 datum,
553 3803 621 3869 sine
658 3803 748 3871 ducis
784 3825 879 3890 opera
919 3807 963 3870 sic
1000 3805 1162 3871 ordinatae
