2934 4192
444 139 506 234 xv.
525 178 844 265 1111111011111.
864 183 925 236 aa.
1162 164 1205 230 55
1291 134 1294 141 ⁵

167 355 266 441 digna
299 361 390 420 erunt
423 352 463 418 de
495 353 591 418 rebus
623 352 733 437 gestis,
768 373 849 435 quae
882 374 903 419 a
932 354 1074 438 plurimis
1107 354 1206 420 animi

168 464 401 544 anteponuntur
421 456 600 522 virtutibus.

270 562 372 626 Natus
398 560 495 645 igitur
519 566 619 643 patre,
651 579 712 642 quo
738 558 887 641 diximus,
917 580 1035 644 genere
1061 561 1241 642 honestas

168 685 288 752 pauper
310 671 418 730 tamen
444 684 465 729 a
490 663 662 728 maioribus
688 662 816 729 relictus
843 670 901 745 est,
932 663 1073 730 eruditus
1100 670 1206 729 autem

167 769 222 850 sic,
251 774 287 833 ut
313 787 406 833 nemo
431 766 604 832 Thebanus
630 766 742 850 magis.
788 767 871 831 Nam
899 773 931 832 et
961 767 1145 832 citharizare
1175 773 1207 833 et

168 877 295 938 cantare
323 870 366 936 ad
400 868 586 936 chordarum
620 889 732 934 sonum
764 867 875 935 doctus
906 876 955 936 est
983 891 1004 934 a
1036 869 1206 954 Dionysio,

168 975 221 1058 qui
254 995 319 1040 non
352 973 472 1038 minore
508 972 568 1038 fuit
604 973 637 1036 in
667 971 795 1038 musicis
824 973 925 1057 gloria
958 993 1052 1055 quam
1081 969 1207 1038 Damon

166 1084 222 1142 aut
242 1078 407 1162 Lamprus,
439 1096 569 1158 quorum
594 1075 783 1160 pervulgata
805 1081 879 1141 sunt
900 1077 1045 1162 nomina;
1078 1081 1206 1141 cantare

167 1181 252 1246 tibiis
274 1181 315 1245 ab
338 1179 572 1264 Olympiodoro,
603 1179 718 1244 saltare
744 1199 765 1244 a
788 1178 998 1264 Calliphrone.
1042 1181 1086 1246 At
1107 1180 1239 1264 philo-a

167 1284 298 1368 sophiae
319 1288 556 1368 praeceptorem
581 1282 692 1347 habuit
713 1282 825 1367 Lysim
846 1283 1062 1366 Tarentinum,
1089 1284 1207 1369 Pytha-

166 1408 310 1473 goreum3
335 1388 385 1452 oui
401 1386 529 1469 quidem
544 1381 589 1452 sio
603 1385 664 1451 fuit
680 1385 814 1468 deditos,
830 1391 865 1451 ut
879 1386 1068 1454 adulescens
1082 1389 1205 1454 tristem

166 1512 204 1556 ac
226 1511 371 1558 severum
393 1511 502 1557 senem
524 1489 670 1555 omnibus
696 1491 882 1572 aequalibus
904 1492 969 1556 suis
991 1491 1024 1556 iu
1047 1491 1206 1556 samihari·
1241 1549 1243 1558 .

166 1599 233 1659 tate
255 1598 476 1678 anteponeret;
507 1613 611 1676 neque
632 1593 720 1678 prius
744 1613 815 1658 eum
841 1613 862 1657 a
889 1613 924 1658 se
950 1593 1078 1676 dimisit,
1110 1615 1206 1678 quam

166 1698 200 1762 in
223 1696 372 1764 doctrinis
395 1701 483 1761 tanto
502 1697 672 1762 antecessit
692 1695 935 1781 condiscipulos,
957 1703 993 1762 ut
1006 1696 1100 1762 facile
1115 1698 1204 1762 intel-

166 1800 231 1885 legi
263 1807 370 1884 posset
403 1800 471 1884 pari
504 1799 598 1866 modo
632 1805 850 1883 superaturum
883 1819 993 1866 omnes
1025 1800 1058 1864 iu
1093 1803 1205 1868 ceteris

166 1903 294 1970 artibus.
340 1903 444 1985 Atque
478 1903 559 1969 haec
591 1903 633 1968 ad
666 1909 805 1968 nostram
839 1902 1099 1969 consuetudinem
1132 1911 1239 1977 sunta

166 2007 250 2072 levia
273 2014 304 2072 et
325 2008 429 2091 potius
452 2005 697 2091 contemnenda3
727 2014 760 2072 at
786 2006 820 2071 in
844 2006 978 2072 Graecia
999 2007 1108 2090 utique
1131 2010 1205 2074 olim

166 2130 303 2196 maguae
324 2108 411 2175 laudi
434 2116 532 2174 erant.
574 2110 746 2193 Postquam
770 2110 912 2193 ephebus
935 2111 1112 2196 palaestrae
1134 2133 1239 2196 ope-4

166 2233 234 2278 ram
264 2212 339 2278 dare
367 2213 478 2298 coepit,
508 2233 572 2278 non
599 2220 665 2278 tam
690 2213 903 2298 magnitudini
930 2214 1044 2280 virium
1074 2216 1204 2282 servivit

114 2405 118 2410 ⁸
167 2339 261 2401 quam
290 2317 458 2383 velocitati.
503 2317 595 2382 Illam
624 2317 710 2382 euim
739 2317 781 2382 ad
814 2317 1013 2400 athletarum,
1046 2317 1130 2384 hauc
1162 2317 1206 2384 ad

167 2421 241 2486 belli
274 2440 365 2486 usum
399 2419 603 2503 existimabat
634 2420 801 2504 pertinere.
851 2422 964 2503 Itaque
997 2421 1238 2490 exercebaturo

166 2523 333 2609 plurimum
364 2523 517 2589 currendo
548 2530 581 2590 et
606 2521 758 2590 luctando
788 2524 831 2589 ad
861 2544 933 2590 eum
962 2524 1070 2605 finem,
1101 2523 1205 2605 quoad

167 2633 255 2692 stans
278 2626 443 2711 complecti
465 2633 574 2712 posset
595 2633 690 2710 atque
713 2625 915 2693 contundere.
950 2627 989 2691 In
1011 2625 1107 2692 armis
1129 2646 1205 2694 vero

166 2730 335 2814 plurimum
357 2729 452 2796 studii
475 2731 688 2796 consumebat.

270 2832 322 2896 Ad
350 2831 433 2898 hanc
466 2832 604 2917 corporis
637 2833 818 2898 firmitatem
850 2833 942 2918 plura
974 2833 1070 2898 etiam
1103 2829 1238 2903 animia

167 2937 251 3002 bona
271 2941 480 3002 accesserant.
514 2937 591 3001 Erat
614 2936 698 3002 enim
720 2935 891 3018 modestus,
915 2935 1063 3022 prudens,
1086 2938 1204 3022 gravis,

166 3039 359 3124 temporibus
388 3039 547 3124 sapienter
576 3045 683 3125 utens,
717 3039 838 3125 peritus
866 3039 952 3122 belli,
981 3039 1071 3105 fortis
1097 3061 1204 3123 manu,

167 3142 272 3208 auimo
294 3141 448 3228 maxim03
478 3141 559 3208 adeo
586 3142 729 3208 veritatis
751 3142 898 3227 diligens,
927 3149 963 3208 ut
984 3162 1026 3208 ne
1048 3143 1116 3209 ioco
1140 3145 1205 3228 qui-

149 3244 241 3333 dem
269 3245 461 3311 mentiretur.
506 3244 596 3310 Idem
629 3246 809 3329 continens,
845 3247 984 3312 clemens
1016 3248 1238 3332 patiensquea

166 3347 386 3415 admirandum
414 3348 448 3413 in
478 3348 616 3432 modum,
650 3370 714 3415 non
744 3350 845 3415 solum
875 3350 993 3436 populi,
1023 3349 1205 3417 sedetiam

166 3453 338 3518 amicorum
366 3452 473 3518 ferens
501 3451 647 3538 iniurias;
682 3453 716 3517 iu
745 3453 854 3538 primis
884 3453 1052 3520 commissa
1082 3455 1203 3542 celans3

166 3553 324 3622 studiosus
350 3554 516 3628 audiendi:
546 3575 587 3622 ex
613 3556 673 3622 hoc
695 3557 780 3622 enim
802 3556 951 3623 facillime
973 3557 1054 3624 disci
1075 3557 1205 3624 arbitra·

166 3657 267 3723 batur.
312 3659 424 3742 Itaque
446 3679 517 3726 cum
539 3658 573 3724 iu
597 3661 747 3726 circulum
769 3660 920 3744 venisset,
946 3661 980 3725 in
1004 3680 1065 3745 quo
1087 3667 1142 3726 aut
1164 3661 1238 3727 dea

166 3761 343 3845 republica
358 3761 570 3847 disputaretur
580 3769 635 3830 aut
646 3764 687 3829 de
701 3763 901 3849 philosophia
912 3783 1015 3830 sermo
1026 3763 1203 3844 haberetur,

1336 3983 1459 4148 n
