2934 4192
468 208 756 264 XII.CHABR1AS.
777 213 798 266 1.
818 213 842 265 a.
855 213 879 266 a
1150 193 1192 258 43

71 417 74 423 Δ
159 384 306 450 venisset.
351 382 498 464 Namque
527 382 561 446 in
592 402 629 448 ec
658 382 789 448 victoria
817 382 881 446 iam
911 381 1030 447 fidente
1059 382 1195 448 hostium
1248 397 1350 440 saaca

158 487 239 552 duce
261 485 419 571 Agesilao,
450 486 568 570 fugatis
595 487 636 552 ab
665 506 702 551 eo
725 485 930 550 conducticiis
953 486 1097 567 catervis,
1127 487 1196 551 reli-

159 610 253 673 quam
286 588 477 674 phalangem
514 589 582 654 loco
615 589 716 654 vetuit
749 589 861 654 cedere
895 589 1074 671 obnixoque
1110 610 1196 674 genn

158 699 256 773 scuto,
286 691 427 777 proiecta
453 690 545 757 hasta
571 693 723 776 impetum
751 692 887 758 hostium
911 693 1057 776 excipere
1080 692 1194 758 docuit.
1296 701 1298 706 '

158 796 196 861 ld
225 815 343 886 novum
372 795 541 878 Agesilaus
571 802 724 861 contuens
753 794 900 879 progredi
929 815 993 860 non
1023 802 1071 861 est
1100 815 1195 861 ausus

158 919 293 981 suosque
313 899 378 962 iam
401 899 596 963 incurrentes
617 899 694 964 tuba
716 900 886 964 revocavit.
931 900 1000 964 Hoc
1029 918 1128 981 usque
1158 916 1229 966 eos

158 1009 224 1068 tota
247 1002 380 1068 Graecia
401 1002 487 1066 fama
510 1003 701 1067 celebratum
725 1009 781 1083 est,
805 1008 839 1067 ut
862 1003 914 1067 illo
938 1009 1022 1068 statu
1042 1002 1195 1068 Chabrias

158 1107 218 1172 sibi
241 1113 376 1172 statuam
399 1105 467 1170 fieri
490 1105 632 1187 voluerit,
658 1126 738 1188 quae
761 1106 887 1191 publice
910 1107 939 1170 ei
961 1106 1002 1170 ab
1026 1104 1196 1170 Athenien-

157 1211 245 1276 sibus
273 1209 307 1273 in
337 1209 404 1274 foro
434 1209 605 1273 constituta
637 1216 693 1274 est.
739 1210 789 1273 Ex
823 1230 884 1293 quo
914 1209 1033 1274 fautum
1066 1215 1127 1290 est,
1161 1215 1196 1272 ut

157 1319 268 1397 postca
292 1311 432 1376 athletae
459 1311 618 1394 ceterique
643 1312 780 1378 artifices
803 1313 848 1378 eis
872 1314 1006 1378 statibus
1028 1313 1061 1376 in
1084 1312 1196 1376 statuis

157 1413 312 1499 ponendis
337 1420 509 1496 uterentur,
540 1416 653 1497 quibus
683 1435 773 1480 suam
800 1416 933 1499 quisque
960 1416 1123 1481 victoriam
1150 1435 1196 1480 es·

157 1526 228 1585 sent
248 1519 367 1602 adepti

261 1621 414 1687 Chabrias
430 1628 535 1687 autem
551 1623 650 1686 multa
664 1622 697 1686 in
713 1623 839 1706 Europa
853 1622 938 1690 bella
952 1611 1192 1703 administravit,
1212 1631 1231 1684 a

158 1747 227 1792 cum
258 1725 324 1790 dux
351 1724 593 1790 Atheniensium
623 1731 716 1806 esset,
746 1726 845 1789 multa
873 1724 958 1789 idem
984 1725 1018 1789 in
1048 1726 1196 1808 Aegypto

157 1851 215 1896 sua
244 1835 356 1913 sponte
385 1829 493 1912 gessit.
545 1828 686 1912 Cyprum
718 1829 843 1911 pubhce
876 1828 917 1892 ab
948 1827 1195 1893 Atheniensibus
1213 1853 1228 1898 2
1248 1847 1350 1889 assam.

156 1934 322 2016 Euagorae
344 1931 468 1996 adiutor
490 1931 605 1996 missus
628 1938 685 2012 est,
709 1950 814 2014 neque
836 1931 924 2014 prius
946 1930 1021 1995 inde
1041 1931 1195 2011 discessit,

157 2057 252 2119 quam
274 2041 372 2101 totam
397 2035 533 2099 insulam
559 2034 641 2099 bello
669 2033 842 2118 devicerat3
878 2053 941 2116 qua
969 2053 1010 2098 ex
1039 2055 1074 2100 rc
1101 2033 1195 2099 Athe·

156 2142 283 2206 nienses
313 2158 463 2220 magnam
492 2139 624 2222 gloriam
654 2144 727 2203 sunt
753 2137 871 2223 adepti.
917 2138 1049 2202 Interim
1078 2139 1229 2208 belluina

156 2244 237 2308 inter
266 2242 444 2326 Aegyptios
477 2248 509 2307 et
537 2242 651 2306 Persas
687 2241 856 2306 conflatum
888 2249 949 2306 est:
983 2242 1195 2313 Athenienses

158 2367 228 2411 eum
250 2341 429 2411 Artaxerxe
452 2345 634 2410 societatem
658 2344 828 2425 habebant,
856 2344 1100 2410 Lacedaemonii
1124 2365 1195 2409 cum

156 2448 332 2533 Aegyptiis.
384 2447 538 2514 Chabrias
571 2453 677 2512 autem
710 2447 919 2512 Nectenebin
953 2447 1095 2512 adiutum
1128 2468 1196 2531 pro
1248 2464 1349 2506 arcaea

156 2552 258 2617 fectus
279 2572 413 2635 regnum
437 2552 466 2616 ei
489 2551 657 2616 constituit.
701 2552 782 2614 Tum
805 2549 958 2634 praefecti
980 2551 1066 2634 regis
1087 2551 1195 2616 Persa·

144 2669 225 2719 ‘rum
251 2655 372 2739 legatos
397 2655 551 2719 miserunt
574 2654 717 2718 Athenas
747 2659 902 2736 questum,
934 2653 1018 2735 quod
1040 2652 1194 2720 Chabrias

156 2757 309 2823 adversus
338 2777 446 2841 regem
476 2757 594 2821 bellum
624 2763 748 2839 gereret
778 2777 849 2821 cum
875 2757 1054 2840 Aegyptiis.
1100 2757 1195 2822 Athe·

156 2862 284 2926 nienses
306 2859 390 2924 diem
414 2865 531 2924 certam
547 2859 704 2925 Chabriae
726 2860 981 2944 praestituerunt,
1005 2866 1079 2924 ante
1100 2880 1194 2943 quarn

156 2964 218 3029 nisi
240 2963 367 3030 domum
390 2961 532 3043 redisset,
556 2963 668 3046 capitis
690 2983 725 3028 se
747 2963 835 3027 illum
857 2962 1061 3028 damnaturos
1076 2962 1195 3028 denun-

156 3067 282 3131 tiarunt.
317 3067 386 3130 Hoc
407 3066 459 3130 ille
482 3066 592 3131 nuntio
614 3066 756 3132 Athenas
777 3066 881 3148 rediit,
905 3066 962 3132 sed
984 3067 1195 3150 compluribus

155 3171 248 3235 annis
263 3175 344 3254 post,
369 3189 439 3233 cum
458 3169 572 3245 iterum
594 3168 676 3233 inter
690 3170 868 3253 Aegyptios
891 3176 922 3234 et
941 3171 1055 3234 Persas
1077 3170 1194 3235 bellurn

157 3273 328 3338 exarsisset
362 3277 393 3336 et
425 3272 607 3355 Agesilaus,
645 3293 702 3337 rex
736 3272 1068 3353 Lacedaemoniorum,
1106 3293 1195 3338 arma

157 3376 372 3440 coniunxisset
402 3394 473 3438 cum
499 3375 677 3459 Aegyptiis,
706 3396 727 3440 a
756 3375 870 3458 quibus
897 3395 1031 3458 magnas
1058 3375 1194 3459 praedas
1268 3428 1270 3432 .

155 3478 303 3560 faciebat,
330 3477 364 3543 id
386 3478 512 3542 intuens
535 3479 698 3560 Chabrias,
730 3499 799 3543 cum
822 3479 855 3542 in
878 3499 913 3544 rc
934 3479 1022 3543 nulla
1043 3480 1229 3563 Agesilao-‘l

157 3582 290 3663 cederet,
314 3602 372 3648 sua
394 3587 507 3666 sponte
521 3581 663 3646 Taehum
683 3602 790 3666 regem
805 3583 1036 3667 Aegyptiorum
1050 3583 1193 3647 adiutum
1216 3605 1218 3610 ⁸

155 3685 314 3769 profectus
342 3685 523 3770 Aegyptiae
557 3686 650 3750 classi
681 3685 827 3770 praefuit,
861 3685 1061 3770 pedestribus
1094 3687 1193 3769 copiis
1245 3713 1348 3755 auam.
1455 3735 1456 3756 ι

156 3789 331 3874 Agesilaus.
378 3787 442 3854 Sed
469 3808 540 3853 eum
566 3787 619 3853 hie
645 3787 686 3854 ad
708 3790 918 3854 Nectenebim
945 3790 1108 3870 minorem,
1139 3788 1192 3871 qui
1367 3759 1456 4128 ΑΙ
