2890 4196
265 209 341 262 XXI.
361 209 410 262 DE
430 208 596 264 REGIBUS.
617 213 640 264 3.
669 209 763 262 XXII,
783 209 992 263 HAMILCAR.
1014 215 1036 266 1.
1126 193 1167 258 85
1278 280 1280 292 A

134 384 221 463 trius,
246 403 316 446 curn
339 381 437 446 tiliam
459 401 549 446 suam
565 382 696 447 Seleuco
718 382 752 445 in
775 381 1007 445 matrimonium
1030 382 1169 448 dedisset

134 505 236 568 neque
259 504 296 549 eo
319 485 421 567 magis
443 483 507 548 fida
529 484 611 548 inter
633 503 687 549 eos
709 484 848 548 amicitia
862 505 990 549 manere
1005 485 1166 569 potuisset,

135 595 245 671 captus
260 587 343 652 bello
358 588 392 650 in
408 585 550 651 custodia
565 607 654 652 socer
668 586 778 670 generi
793 587 886 671 periit
900 587 1030 652 andem
1050 590 1166 654 morbo.

134 692 246 772 Neque
268 691 313 754 ita
335 690 432 753 multo
455 695 527 773 post
542 690 693 755 Seleucus
708 709 729 752 a
742 690 923 754 Ptolemaeo
939 690 1083 756 Cerauno
1098 690 1168 755 dolo
1186 710 1204 757 4

133 794 318 858 interfectus
341 799 398 873 est,
426 812 519 874 quem
540 793 593 856 ille
615 813 635 856 a
657 799 746 877 patre
770 793 936 876 expulsum
957 793 1168 876 Alexandrea,

133 897 307 962 alienarum
330 916 425 980 opum
446 894 643 978 indigentem
665 901 837 979 receperat.
875 896 949 978 Ipse
971 905 1077 960 autem
1099 897 1166 961 Pto·

134 1001 288 1078 lemaeus,
323 1019 393 1064 cum
424 999 517 1062 vivus
546 997 610 1061 filio
626 1061 629 1064 ,
643 1017 776 1081 regnum
811 997 1006 1079 tradidisset,
1040 1001 1081 1063 ab
1115 998 1168 1063 illo

135 1101 246 1166 eodem
268 1102 335 1166 vita
358 1100 501 1184 privatus
524 1099 647 1164 dicitur.
871 1165 875 1174 ,

236 1206 286 1270 De
309 1205 423 1286 quibus
447 1203 594 1285 quoniam
617 1203 694 1267 satis
716 1202 836 1267 dictum
858 1210 1015 1287 putamus,
1038 1224 1102 1269 non
1124 1205 1169 1268 in·
1187 1229 1202 1276 5

135 1308 333 1373 commodum
360 1306 486 1372 videtur
512 1325 576 1368 non
604 1306 775 1389 praeterire
798 1307 1009 1371 Hamilcarem
1032 1313 1064 1372 et
1086 1309 1168 1372 Han-

134 1412 282 1491 nibalem,
307 1429 385 1492 quos
409 1416 439 1474 et
461 1409 559 1472 animi
582 1408 801 1494 magnitudine
822 1415 853 1474 et
869 1409 1039 1474 calliditate
1061 1431 1169 1476 omnes

134 1515 166 1577 in
189 1513 298 1577 AfrIoa
319 1520 411 1576 natos
433 1511 629 1595 praestitisse
653 1516 783 1576 constat.

237 1616 342 1680 XXII.
360 1616 541 1696 Hsnrncsn,
554 1614 743 1678 Hannibalis
754 1614 846 1695 lilius,
860 1614 1047 1696 cognomine
1058 1615 1168 1696 Barca,
1187 1638 1202 1687 1

136 1718 407 1801 Carthaginiensis
429 1717 530 1801 plimo
553 1717 635 1782 bello
658 1717 788 1797 Punico,
816 1716 873 1782 sed
900 1717 1091 1799 temporibus
1118 1738 1169 1782 ex·

135 1821 254 1901 tremis,
278 1820 447 1885 admodum
462 1820 718 1884 adulescentulus
732 1818 765 1883 in
782 1819 889 1884 Sicilia
904 1837 1051 1902 praeesse
1068 1821 1170 1904 coepit

136 1925 297 1990 exercitui.
344 1925 423 1990 Cum
455 1929 530 1989 ante
561 1923 629 1988 eius
658 1922 830 1988 adventum
861 1931 892 1986 et
921 1924 1001 1987 mari
1028 1932 1059 1988 et
1086 1931 1169 1990 terra
1187 1948 1202 1994 -1
1222 1951 1320 1993 aanor

136 2027 217 2090 male
243 2047 294 2091 res
321 2033 502 2110 gererentur
531 2025 849 2108 Carthaginiensium,
880 2026 958 2110 ipse,
989 2027 1043 2091 ubi
1070 2027 1169 2108 affuit,

136 2151 308 2212 numquam
331 2131 413 2196 hosti
437 2131 531 2196 cessit
552 2150 656 2212 neque
676 2131 781 2194 locum
803 2129 940 2196 nocendi
955 2129 1052 2210 dedit,
1076 2139 1171 2215 saepe

137 2254 154 2297 e
177 2234 331 2298 contrario
354 2232 518 2298 occasione
541 2232 617 2298 data
638 2233 797 2298 lacessivit
818 2252 1005 2316 semperque
1032 2234 1171 2318 superior

137 2336 288 2401 discessit.
316 2338 421 2418 Atque
444 2356 515 2399 curn
537 2355 640 2424 paene
663 2335 768 2399 omnia
790 2335 823 2399 in
847 2335 954 2401 Sicilia
976 2337 1073 2401 Poeni
1095 2338 1170 2400 ami-

137 2439 260 2518 sissent,
294 2439 348 2502 ille
381 2439 517 2521 Erycem
552 2439 596 2502 sic
630 2437 781 2519 defendit,
816 2445 851 2502 ut
884 2439 1000 2502 bellum
1035 2459 1071 2504 eo
1102 2440 1169 2504 loco

136 2539 259 2624 ¹gestum
287 2562 350 2605 non
385 2539 553 2605 videretur.
600 2541 731 2604 Interim
758 2540 1037 2623 Carthaginienses
1070 2542 1203 2608 classes

136 2643 221 2727 apud
247 2643 368 2708 insulas
390 2645 529 2727 Aegates
550 2665 571 2707 a
594 2643 628 2709 C.
652 2644 778 2708 Lutatio
806 2644 932 2708 consule
954 2645 1096 2710 Romano
1122 2666 1169 2710 su-

137 2747 238 2828 perati
261 2753 438 2812 statuerunt
461 2746 534 2810 belli
558 2746 663 2811 facere
685 2746 781 2810 finem
804 2766 937 2828 eamque
959 2767 1025 2811 rem
1040 2748 1169 2812 arbitrio

136 2849 346 2932 permiserunt
367 2850 565 2914 Hamilcaris.
604 2850 671 2928 Ille,
700 2849 758 2913 etsi
780 2848 937 2931 flagrabat
958 2850 1097 2914 bellandi
1121 2871 1169 2915 cu·-

136 2951 278 3034 piditate,
307 2959 413 3016 tamen
440 2952 512 3035 paci
540 2951 742 3016 serviendum
769 2952 901 3034 putavit,
930 2951 1013 3033 quod
1035 2953 1169 3036 patriam

137 3053 325 3118 exhaustam
349 3053 524 3138 sumptibus
547 3053 665 3117 diutius
688 3053 882 3116 calamitates
905 3052 979 3117 belli
1001 3053 1082 3118 ferre
1105 3075 1168 3118 non

137 3176 229 3239 posse
251 3157 466 3238 intellegebat,
494 3155 552 3222 sed
573 3156 627 3236 ita,
655 3162 689 3220 ut
712 3155 817 3220 statim
841 3163 947 3220 mente
969 3156 1114 3239 agitaret,
1142 3157 1168 3222 si
1187 3176 1203 3222 4

136 3261 265 3342 paulum
295 3259 387 3324 modo
417 3281 467 3324 res
491 3267 596 3325 essent
618 3259 766 3340 refectae,
797 3259 914 3324 bellurn
933 3275 1090 3325 ‘renovare
1111 3261 1169 3324 Ro·

137 3381 309 3446 manosque
332 3363 427 3428 armis
450 3362 607 3447 persequi,
630 3362 706 3427 dum
728 3368 784 3428 aut
805 3363 920 3428 virtute
943 3364 1094 3428 vicissent
1115 3370 1170 3429 aut

136 3466 212 3530 victi
239 3485 351 3530 manus
379 3465 549 3531 dedissent.
596 3467 665 3531 Hoc
692 3466 820 3531 oonsilio
843 3486 954 3549 pacem
977 3467 1205 3550 conciliarit;s

136 3569 169 3634 in
191 3569 260 3653 ipso
283 3575 373 3634 tanta
393 3569 453 3634 fuit
467 3569 593 3650 ferocia,
617 3578 660 3650 ut,
678 3590 749 3635 cum
765 3567 893 3635 Catulus
908 3577 1039 3653 negaret
1054 3571 1171 3635 bellum

137 3672 390 3754 compositurum,
418 3673 479 3738 nisi
501 3674 555 3737 ille
578 3693 649 3737 cum
674 3673 749 3752 suia,
774 3673 827 3754 qui
850 3673 985 3756 Erycem
1008 3675 1170 3755 tenebant,

136 3775 231 3839 armis
258 3775 375 3840 relictis
398 3776 505 3842 Sicilia
528 3775 705 3855 decederet,
734 3776 957 3840 succumbente
979 3777 1082 3860 patria
1103 3777 1176 3858 ipsc
1273 3835 1275 3840 ,
