2890 4196
250 171 291 236 88
375 189 378 193 ’
562 186 668 240 XXIII.
688 187 894 242 HANNIBAL.
914 192 938 242 ⁶2.
948 191 972 242 3.

203 357 205 361 ’
251 363 408 426 Romanos
432 360 695 440 commemoravit,
719 367 785 425 tum
801 360 861 424 lroc
880 361 1041 429 adiunxit:
1066 354 1170 426 ‘Pater
1186 357 1286 426 meus'

251 463 354 546 inquit
376 455 557 543 Hamilcar,
580 462 710 546 puerulo
733 483 794 544 me,
817 469 925 546 utpote
948 483 1011 527 non
1033 464 1168 548 amplius
1184 488 1216 527 rx
1230 484 1284 527 au·

251 585 308 631 nos
323 571 407 645 nato,
427 565 460 628 in
477 565 664 649 Hispaniam
679 566 849 648 imperator
864 565 1066 648 proficiscens
1082 567 1286 650 Carthagine,

215 669 319 734 clevi
342 669 459 753 optimo
481 669 621 733 maximo
643 668 762 734 hostias
784 669 967 733 immolavit.
1000 667 1089 744 Quae
1111 669 1221 734 divina
1235 689 1287 734 res

250 773 325 837 dum
342 772 512 852 conficitur,
537 771 693 853 quaesivit
708 792 728 835 a
743 791 803 852 me,
827 773 983 837 vellemne
1006 792 1111 837 seeum
1133 773 1167 836 in
1183 779 1288 838 castra

250 875 414 961 proticisci.
459 874 498 938 Id
526 895 596 939 cum
619 874 754 940 libenter
776 876 969 959 accepissem
992 882 1087 958 atque
1109 877 1150 940 ab
1174 895 1211 940 eo
1234 895 1287 959 pe·

251 987 317 1045 tere
340 977 523 1062 coepissem,
554 998 595 1042 ue
622 978 737 1042 ducere
763 978 931 1060 dubitaret,
963 986 1028 1043 tum
1055 979 1107 1043 ille
1134 971 1286 1043 ‘Faciam'

250 1083 353 1165 inquit
375 1075 413 1147 ‘si
435 1081 512 1144 mihi
534 1080 639 1161 fidem,
663 1102 758 1163 quam
781 1083 912 1165 postulo,
937 1075 1081 1146 dederis'.
1113 1081 1212 1148 Simul
1234 1100 1285 1146 me

251 1186 293 1250 ad
315 1205 402 1249 aram
418 1184 562 1265 adduxit,
586 1184 671 1269 apud
688 1205 781 1266 quam
798 1185 976 1249 sacrificare
991 1185 1181 1266 instituerat,
1205 1203 1285 1249 eam-

253 1309 313 1372 que
336 1287 448 1352 oeteris
470 1288 598 1353 remotis
620 1293 780 1353 tenentem
803 1289 907 1352 iurare
928 1289 1019 1353 iussit
1040 1309 1212 1370 numquam
1235 1307 1286 1352 me

218 1393 285 1462 sin
307 1390 447 1455 amicitia
470 1410 541 1455 cum
556 1390 707 1456 Romanis
723 1391 798 1455 fore.
826 1390 866 1456 Id
888 1411 947 1475 ego
969 1391 1185 1456 iusiurandum
1204 1391 1286 1474 patri

253 1495 360 1559 datum
382 1513 481 1574 usque
503 1493 545 1557 ad
567 1493 650 1558 hanc
673 1500 809 1558 aetatem
831 1494 877 1558 ita
900 1495 1095 1575 conservavi,
1117 1501 1152 1558 ut
1167 1494 1285 1558 nemini

252 1598 381 1672 dubium
405 1617 474 1661 esse
497 1597 622 1678 debeat,
645 1597 721 1679 quin
744 1597 863 1679 reliquo
886 1604 1027 1680 tempore
1050 1597 1161 1663 eadem
1180 1606 1287 1662 mente

217 1724 234 1773 a
253 1702 311 1766 sim
334 1701 464 1766 futurus.
490 1699 604 1780 Quare,
628 1699 656 1765 si
678 1699 755 1782 quid
777 1701 878 1764 amice
902 1700 941 1764 de
955 1702 1105 1766 Romanis
1122 1701 1288 1783 cogitabis,

252 1826 315 1871 nou
341 1803 557 1888 imprudenter
584 1802 707 1884 feceris,
738 1803 765 1868 si
787 1823 839 1867 me
862 1803 986 1887 celaris5
1018 1804 1134 1869 bellum
1159 1802 1286 1885 quidem

252 1928 323 1974 oum
345 1907 482 1992 parabis,
508 1913 541 1971 te
563 1905 667 1990 ipsum
689 1906 898 1986 fmstraben‘s‚
927 1906 988 1971 nisi
1015 1907 1121 1970 mein
1144 1925 1181 1971 eo
1203 1906 1287 1990 prin-

253 2013 354 2096 cipem
377 2006 538 2095 posueris’.

218 2134 237 2190 3
356 2114 425 2177 Hac
446 2113 551 2195 igitur,
580 2134 642 2196 qua
664 2113 812 2194 diximus,
839 2120 944 2178 aetate
972 2134 1043 2179 cum
1066 2119 1155 2197 patre
1177 2112 1210 2176 in
1233 2112 1287 2176 Hi-

253 2217 397 2302 spaniam
424 2215 583 2299 profeotus
610 2223 666 2281 est.
713 2216 810 2282 Cuius
832 2223 904 2301 post
930 2217 1059 2296 obitum,
1087 2215 1288 2280 Hasdrubale

251 2323 441 2405 imperatore
463 2319 603 2400 suffecto,
628 2320 780 2401 equitatui
802 2321 887 2385 omni
909 2318 1055 2403 praefuit.
1078 2320 1147 2382 Hoc
1163 2337 1289 2400 quoque

251 2424 416 2488 interfecto
440 2423 597 2488 exercitus
620 2442 774 2488 summam
798 2423 922 2506 imperii
945 2403 1080 2488 adeum
1104 2421 1223 2486 detulit.
1248 2419 1286 2484 Id

218 2526 478 2610 aOarthaginem
518 2525 657 2590 delatum
693 2526 820 2609 publice
858 2526 1094 2609 comprobatum
1131 2531 1188 2588 est.
1234 2524 1287 2589 Sic

253 2631 422 2711 Hannibal,
447 2630 581 2694 minorv
598 2636 629 2695 et
644 2653 684 2693 xx
699 2630 792 2695 annis
814 2630 984 2713 imperator
1007 2628 1118 2708 sactus,
1141 2627 1288 2712 proximo

253 2734 387 2798 triennio
402 2752 511 2798 omnes
526 2739 638 2816 gentes
653 2733 827 2816 Hispaniae
842 2732 924 2797 bello
939 2730 1078 2816 subegit;
1098 2730 1286 2813 Saguntum,

253 2835 446 2901 foederatam
470 2836 639 2916 civitatem,
663 2836 697 2901 vi
720 2834 930 2918 expugnavit3
954 2841 1019 2899 tres
1042 2834 1199 2898 exereitus
1221 2853 1285 2896 ma-

94 2960 199 3002 nauco.
219 2955 234 3001 3
253 2941 355 3004 nimos
379 2938 579 3021 comparavit.
610 2938 660 3002 Hx
683 2938 733 3004 his
755 2958 852 3002 unum
875 2939 908 3001 in
931 2938 1071 3002 Africam
1094 2937 1188 3015 misit,
1211 2936 1287 3000 alte-

252 3063 321 3107 rum
345 3060 415 3106 cum
427 3040 626 3106 Hasdrubale
648 3041 745 3106 fratre
767 3025 978 3124 in'Hispania
999 3039 1134 3122 reliquit,
1158 3038 1284 3102 tertium

253 3147 286 3211 in
309 3145 433 3210 Italiam
457 3164 563 3210 secum
586 3143 686 3210 duxit.
725 3146 770 3211 Ut
791 3146 906 3210 saltum
928 3145 1127 3227 Pyrenaeum
1150 3141 1288 3222 transiit,

96 3269 200 3310 asael.
254 3268 451 3331 quacumque
463 3249 522 3312 iter
533 3248 617 3329 fecit,
631 3268 702 3313 cum
717 3249 873 3314 bellicosis
887 3247 998 3312 incolis
1014 3246 1169 3329 conflixit;
1190 3247 1288 3310 nemi·

218 3366 234 3414 4
252 3373 326 3417 nem
341 3353 402 3417 nisi
418 3352 536 3416 victum
555 3351 683 3417 dimisit.
706 3352 757 3416 Ad
769 3352 866 3435 Alpes
889 3358 1094 3436 posteaquam
1110 3350 1206 3431 venit,
1223 3368 1288 3431 qua

252 3455 376 3519 Italiam
403 3455 444 3518 ab
473 3454 575 3519 Galba
602 3455 781 3538 seiungunt,
812 3473 890 3536 quas
917 3473 1010 3517 nemo
1038 3472 1187 3533 umquam
1214 3471 1285 3516 cum

253 3559 392 3623 exercitu
418 3565 492 3622 ante
521 3578 592 3622 eum
618 3564 744 3641 praeter
766 3557 933 3622 Herculem
957 3555 1083 3620 Graium
1108 3555 1286 3634 transierat,

243 3680 315 3742 qua
336 3679 371 3725 re
393 3660 420 3725 is
442 3660 536 3725 hodie
559 3661 657 3726 saltus
673 3660 786 3726 Graius
807 3659 994 3744 appellatur,
1017 3659 1149 3744 Alpinos
1172 3676 1287 3722 conan-

253 3771 300 3829 tes
329 3763 495 3846 prohibere
526 3764 659 3829 transitu
690 3761 839 3844 concidit;
878 3762 947 3825 loca
977 3761 1141 3846 patefecit,
1172 3760 1289 3825 itinera
