2890 4196
475 243 581 298 XVIII.
601 242 780 298 EUMENES.
800 247 824 298 5.
838 246 861 298 6.
876 247 899 298 7.
1161 226 1202 289 73

168 418 358 482 munitiones
373 416 525 500 Antigoni
548 416 626 480 alias
649 414 800 495 incendit,
823 415 901 481 alias
920 414 1052 481 disiecit.
1087 416 1203 480 Tenuit

169 529 275 586 autem
299 541 334 585 se
354 541 418 585 uno
440 521 519 600 loco,
543 518 693 601 quamdiu
715 518 817 585 hiems
832 518 900 598 fuit,
925 518 1008 600 quod
1025 525 1128 583 castra
1143 520 1201 584 sub

169 624 245 688 divo.
264 624 382 689 habere
404 644 467 689 non
490 629 621 706 poterat.
659 623 722 687 Ver
744 623 1032 706 appropinquabat:
1056 623 1203 687 simulata

168 725 338 807 deditione,
362 725 437 790 dum
460 725 500 790 de
523 725 759 790 condicionibus
782 731 905 805 tractat,
928 724 1096 808 praefectis
1117 726 1202 789 Anti-

168 829 243 912 goni
265 830 413 913 imposuit
436 848 533 911 seque
555 849 594 893 ac
616 847 688 894 suos
710 847 820 892 omnes
843 827 954 892 eduxit
976 828 1157 892 incolumes.

271 931 322 996 Ad
348 932 433 997 hunc
455 931 630 1015 Olympias,
658 937 758 994 mater
786 950 867 1012 quae
890 930 993 994 fuerat
1015 929 1198 1011 Alexandri,
1217 946 1236 998 6

169 1057 240 1101 cum
272 1035 392 1100 litteras
428 1042 459 1100 et
491 1035 618 1100 nuntios
652 1034 789 1098 misisset
822 1034 854 1097 in
878 1034 986 1098 Asiam
1017 1033 1201 1113 consultum,

168 1157 342 1222 regnumne
368 1138 536 1222 repetitum
563 1137 596 1201 iu
623 1137 841 1201 Macedoniam
869 1137 992 1202 veniret
1022 1135 1109 1222 (nam
1135 1143 1201 1200 turn

169 1243 201 1304 in
224 1241 319 1325 Epiro
341 1241 521 1325 habitabat)
549 1247 581 1305 et
604 1260 658 1305 eas
680 1259 731 1305 res
759 1246 935 1323 occuparet,
964 1239 1039 1304 huic
1065 1239 1116 1304 ille
1142 1239 1235 1324 pri-a

168 1364 253 1408 mum
281 1344 389 1424 suasit,
418 1364 459 1408 ue
485 1364 519 1408 se
547 1349 687 1408 moveret
714 1350 746 1406 et
769 1348 975 1430 exspectaret,
1008 1341 1110 1424 quoad
1133 1342 1202 1407 Ale-

168 1446 283 1526 xandri
303 1447 385 1512 filius
407 1467 540 1530 regnum
566 1446 804 1530 adipisceretur,
833 1447 881 1510 sin
904 1446 1009 1527 aliqua
1032 1446 1202 1530 cupiditate

166 1558 329 1634 raperetur
350 1552 384 1615 in
406 1551 634 1632 Macedoniarn,
658 1551 894 1617 oblivisceretur
916 1551 1056 1614 omnium
1078 1551 1200 1615 iniuria-

168 1673 246 1734 rum,
275 1654 309 1717 in
342 1655 501 1718 neminem
534 1654 695 1719 acerbiore
725 1659 863 1717 uteretur
896 1653 1035 1737 imperio.
1081 1654 1200 1717 Horum
1219 1669 1234 1714 3
1253 1671 1352 1714 arinca

168 1756 222 1819 illa
247 1755 325 1819 nihil
351 1755 435 1820 fecit.
481 1758 564 1821 Nam
588 1755 673 1820 etin
697 1755 914 1820 Macedoniam
936 1756 1077 1839 profecta
1100 1761 1148 1820 est
1170 1763 1216 1820 et·

169 1858 383 1923 crudelissime
406 1859 450 1923 ibi
473 1880 507 1924 se
530 1859 638 1942 gessit.
676 1859 772 1923 Petiit
793 1864 900 1923 autem
922 1860 963 1924 ab
986 1858 1128 1922 Eumene
1149 1859 1201 1923 ab·

168 1962 259 2043 senti,
282 1982 323 2026 ne
345 1968 505 2045 pateretur
519 1961 657 2046 Philippi
680 1960 791 2026 domus
814 1981 852 2025 ao
874 1960 1013 2025 familiae
1029 1960 1201 2026 inimicissi-

168 2084 235 2130 mos
265 2065 394 2148 stirpem
425 2085 549 2147 quoque
579 2065 758 2130 interimere
788 2063 946 2146 ferretque
977 2084 1068 2148 opem
1095 2064 1201 2130 liberis

168 2167 351 2232 Alexandri.
392 2166 494 2244 Quam
517 2169 644 2234 veniam
667 2169 693 2234 si
716 2167 815 2249 daret,
841 2188 934 2250 quam
956 2169 1093 2251 primum
1114 2182 1236 2234 exer-4

171 2271 250 2336 citus
273 2278 409 2355 pararet,
437 2291 515 2353 quos
543 2271 604 2338 sibi
627 2271 766 2337 subsidio
788 2271 968 2337 adduceret.
1014 2271 1051 2336 Id
1076 2293 1137 2353 quo
1159 2273 1202 2336 fa·
1268 2313 1269 2316 =

169 2374 257 2440 cilius
281 2375 408 2460 laceret,
437 2395 471 2440 se
499 2376 645 2442 omnibus
671 2375 849 2459 praefectis,
880 2375 990 2457 quiin
1013 2375 1202 2440 officioma-

168 2479 297 2558 nebant,
326 2478 450 2542 misisse
472 2479 602 2559 litteras,
632 2485 667 2542 ut
689 2478 718 2542 ei
740 2484 889 2561 parerent
912 2477 1041 2560 eiusque
1064 2479 1201 2544 consiliis

168 2587 337 2645 uterentur.
369 2581 427 2645 His
449 2582 542 2647 rebus
564 2582 723 2670 Eumenes
746 2586 905 2664 permotus
928 2582 1027 2646 satius
1050 2579 1150 2663 duxit,
1173 2582 1199 2648 si
1218 2601 1234 2648 u

168 2684 213 2747 ita
234 2685 357 2748 tulisset
379 2684 514 2766 fortuna,
542 2685 646 2768 perire
671 2685 754 2748 bene
781 2684 900 2748 meritis
922 2683 1111 2749 referentem
1133 2705 1200 2769 gra-

141 2787 244 2850 ·tiam
276 2808 370 2868 quam
400 2787 559 2870 ingratum
594 2789 710 2852 viuere.
755 2788 867 2868 Itaque
898 2787 1005 2871 copias
1035 2789 1233 2869 contraxit?

168 2890 284 2954 bellum
307 2889 459 2955 adversus
481 2891 676 2975 Antigonum
699 2891 901 2974 comparavit.
926 2889 1017 2966 Quod
1032 2911 1097 2955 una
1112 2902 1201 2957 erant
1226 2899 1239 2918 ·
1252 2914 1344 2957 ursam

167 2992 356 3057 Macedones
379 2994 511 3075 nobiles,
534 2994 567 3058 in
591 2994 637 3058 eis
659 2994 836 3074 Peucestes,
861 2994 914 3075 qui
938 2995 1074 3078 corporis
1097 3001 1200 3061 custos

168 3096 269 3160 fuerat
289 3095 472 3178 Alexandri,
495 3105 562 3162 tum
584 3103 690 3162 autem
713 3097 876 3162 obtinebat
890 3096 1061 3178 Persidem,
1086 3105 1117 3162 et
1139 3100 1201 3163 An·

168 3199 301 3283 tigenes
325 3199 413 3264 cuius
436 3200 494 3264 sub
517 3201 649 3284 imperio
670 3199 816 3283 phalanxx
836 3207 901 3265 erat
917 3200 1133 3282 Macedonum,
1156 3201 1200 3266 in-

167 3301 286 3366 vidiam
309 3322 431 3383 verens,
460 3323 554 3385 quam
582 3311 688 3368 tamen
712 3303 850 3386 effugere
873 3323 936 3368 non
958 3304 1068 3387 potuit,
1096 3305 1123 3369 si
1149 3326 1201 3388 po·

168 3405 229 3470 tius
250 3406 319 3488 ipse
339 3405 519 3490 alienigena
533 3426 655 3471 summa
676 3407 797 3491 imperii
812 3407 963 3490 potiretur
979 3427 1072 3489 quam
1088 3409 1201 3490 aliquis

167 3507 384 3588 Macedonum,
404 3509 437 3572 in
454 3508 616 3592 principiis
633 3509 806 3574 Alexandri
822 3510 948 3574 nornine
964 3513 1198 3576 tabemaculum
1218 3527 1233 3574 a

168 3610 277 3674 statuit
303 3611 336 3674 iu
365 3631 464 3694 eoque
492 3613 601 3676 sellam
628 3633 756 3678 auream
784 3633 853 3679 cum
882 3620 1004 3698 sceptro
1031 3635 1069 3679 ac
1096 3614 1201 3680 diade-

168 3720 251 3778 mate
273 3715 348 3798 poni
372 3735 471 3797 eoque
495 3736 603 3780 omnes
627 3715 755 3781 cottidie
778 3718 946 3782 convenire
968 3719 1068 3800 iussit,
1096 3727 1130 3783 ut
1156 3720 1201 3784 ibi

167 3815 207 3880 de
230 3818 360 3881 summis
382 3819 476 3883 rebus
500 3819 629 3883 consilia
652 3827 847 3903 caperentur,
871 3820 1002 3886 credens
1025 3822 1144 3887 minore
1167 3843 1201 3889 se
