2934 4192
248 165 289 228 28
568 181 629 233 Vll.
647 181 883 236 ALCIBIADES.
903 185 926 238 8.
940 185 963 238 9.

215 375 229 420 3
247 355 402 419 valerent:
426 353 486 417 sibi
500 360 606 418 autem
622 374 692 420 esse
706 354 799 420 facile
814 354 973 436 Seuthem,
989 375 1096 438 regem
1111 355 1276 438 Thracum,

247 458 413 537 adducere,
440 461 475 520 ut
497 477 569 522 eum
591 463 673 522 terra
695 457 882 543 depelleret;
911 479 971 541 quo
994 458 1078 523 facto
1100 460 1277 525 necessario

248 559 447 645 Lysandrum
473 566 527 624 aut
554 561 654 626 classe
676 561 891 628 conflicturum
913 568 968 626 aut
990 562 1107 627 bellum
1130 563 1278 646 composi·

215 671 359 730 uturum.
404 662 442 727 ld
472 665 531 729 etsi
559 684 635 729 vere
664 664 782 730 dictum
810 665 966 730 Philocles
995 665 1277 747 animadvertebat,

248 773 355 831 tamen
383 767 540 850 postulata.
568 768 673 834 lacere
702 769 811 850 noluit,
843 768 926 851 quod
956 768 1113 834 sentiebat
1141 790 1177 835 se
1198 770 1278 834 Alci-

248 870 342 936 biade
363 876 490 955 recepto
513 872 627 938 nullius
649 873 799 939 momenti
821 872 907 956 apud
930 872 1101 936 exercitum
1128 871 1277 955 futurum,

249 979 281 1038 ct
303 973 329 1039 si
352 973 427 1056 quid
449 974 579 1039 secundi
602 977 771 1057 evenisset,
794 977 912 1040 nullam
933 976 967 1040 in
990 996 1029 1040 ea
1049 996 1084 1040 rc
1102 996 1192 1041 suam
1210 997 1278 1060 par-

249 1083 312 1142 tem
334 1078 410 1158 fore,
440 1079 489 1142 sin
512 1079 587 1161 quid
610 1079 735 1145 adversi
757 1080 934 1160 accidisset,
961 1100 996 1146 se
1018 1100 1115 1144 unum
1139 1080 1205 1145 eius
1228 1079 1278 1145 de-

215 1180 313 1244 elicti
335 1180 472 1245 futurum
499 1203 595 1246 reum.
641 1184 691 1248 Ab
714 1183 774 1248 hoo
796 1183 962 1249 discedens
985 1183 1166 1250 Alcibiades
1187 1177 1279 1260 ‘Quo-

249 1279 345 1347 niam’
363 1284 465 1366 inquit
481 1278 640 1351 ‘victoriae
662 1287 783 1370 patriae
805 1307 973 1372 repugnas,
996 1286 1074 1351 illud
1095 1307 1217 1369 monce,
1239 1309 1279 1352 nc

249 1387 338 1451 iuxta
359 1386 482 1452 hostem
505 1394 608 1454 castra
630 1389 749 1456 habeas
769 1391 910 1456 nautica:
934 1391 1105 1474 periculum
1121 1397 1169 1456 est
1184 1391 1277 1473 enim,

249 1509 290 1554 nc
315 1489 513 1556 immodestia
540 1493 673 1557 militum
700 1481 874 1559 vestrorum
901 1493 1024 1558 occasio
1047 1492 1138 1558 detur
1159 1496 1278 1578 Lysan-

217 1592 306 1657 odro
333 1595 429 1659 vestri
456 1595 653 1679 opprimendi
682 1593 860 1662 cuer-citus,³
902 1598 1015 1679 Neque
1045 1617 1083 1662 ea
1111 1617 1162 1663 res
1191 1599 1278 1663 illum

250 1696 370 1761 fefellit.
405 1699 487 1763 Nam
509 1699 684 1782 Lysander,
708 1719 779 1764 cum
801 1719 858 1784 per
879 1701 1091 1784 speculatores
1114 1702 1278 1786 comperis-

250 1805 299 1864 set
324 1801 453 1884 v'ulgum
480 1802 720 1868 Atheniensium
752 1804 784 1868 iu
814 1810 929 1868 terram
959 1803 1143 1888 praedatum
1174 1806 1278 1871 exisse

249 1925 411 1987 navesque
430 1925 532 1991 paene
555 1907 667 1973 inanes
685 1908 819 1989 relictas,
842 1913 967 1992 tempus
981 1907 1027 1972 rei
1042 1907 1200 1991 gerendae
1215 1929 1278 1974 non

250 2007 368 2073 dimisit
389 2029 514 2092 unoque
536 2010 655 2094 impetu
677 2011 794 2075 bellum
817 2017 915 2076 totum
939 2012 1082 2076 confecit.

214 2119 232 2172 9
352 2113 396 2176 At
416 2113 606 2194 Alcibiades,
633 2114 725 2178 victis
746 2113 992 2180 Atheniensibus
1019 2135 1082 2180 non
1109 2115 1186 2182 satis
1211 2121 1279 2180 tuta

249 2215 303 2280 illa
321 2215 391 2280 loca
409 2216 470 2281 sibi
489 2218 654 2298 arbitrant,
671 2218 796 2301 penitus
811 2218 844 2282 iu
860 2217 1019 2301 Thyniam
1042 2239 1076 2284 se
1099 2239 1193 2303 supra
1207 2220 1278 2284 Pro·

249 2319 410 2404 pontidem
439 2319 571 2402 abdidit,
602 2340 733 2404 sperans
761 2321 807 2385 ibi
835 2321 983 2386 facillime
1011 2343 1100 2387 suam
1122 2323 1278 2388 fortunam

216 2423 349 2488 aocculi
370 2443 472 2506 possc.
518 2423 581 2489 Sed
604 2423 744 2507 Bithyni,
772 2431 939 2510 postquam
966 2445 1037 2490 eum
1065 2447 1136 2491 cum
1163 2448 1279 2510 magna

249 2527 384 2612 pecunia
405 2519 530 2592 venisse
552 2535 726 2610 senscrunt,
750 2528 881 2594 insidias
903 2528 1045 2594 lecerunt
1068 2550 1177 2612 eaque,
1198 2551 1279 2612 quae

217 2649 231 2695 3
250 2635 439 2715 apportarat,
460 2629 665 2712 abstulerunt,
689 2631 791 2715 ipsum
809 2652 922 2716 capere
937 2652 1000 2696 non
1016 2637 1192 2716 potuerunt.
1221 2635 1279 2698 llle

250 2735 369 2798 nullum
391 2753 523 2798 cernens
546 2734 605 2799 sibi
628 2735 729 2798 locum
752 2741 853 2800 tutum
871 2736 905 2800 in
926 2735 1058 2800 Graecia
1072 2736 1139 2802 fore
1154 2744 1280 2822 propter

249 2837 423 2922 potentiam
446 2837 765 2902 Lacedaemoniorum
792 2838 834 2902 ad
861 2838 1100 2905 Pharnabazum
1127 2840 1160 2904 in
1183 2841 1280 2924 Phry-

250 2941 335 3025 giam
358 2941 497 3025 transiit;
521 2961 614 3023 quem
636 2941 763 3023 quidem
785 2941 865 3007 adeo
889 2963 946 3008 sua
968 2943 1052 3026 cepit
1074 2943 1278 3024 humanitate,

249 3051 285 3110 ut
307 3063 378 3108 eum
400 3064 492 3109 nemo
513 3045 547 3108 in
574 3045 712 3109 amicitia
734 3045 943 3110 antecederet.
982 3047 1129 3128 Namque
1151 3047 1180 3112 ei
1203 3047 1280 3130 Gry-

250 3149 337 3213 nium
359 3147 491 3212 dederat
513 3154 659 3229 castrum,
683 3168 724 3212 cx
748 3168 808 3230 quo
831 3149 1054 3233 quinquagena
1073 3149 1193 3214 talenta
1211 3171 1280 3215 vcc-

217 3268 232 3313 4
251 3251 355 3335 tigalis
371 3251 525 3335 capiebat.
560 3250 630 3328 Qua
645 3252 771 3317 fortuna
785 3251 965 3317 Alcibiades
985 3273 1047 3318 non
1068 3259 1135 3317 crat
1156 3259 1279 3318 conten·

250 3361 301 3420 tus
321 3375 425 3437 neque
446 3355 589 3420 Athenas
614 3355 715 3420 victas
736 3355 996 3422 Lacedaemoniis
1019 3357 1137 3422 servire
1159 3364 1281 3442 poterat

250 3459 325 3543 pati.
356 3460 466 3541 Itaque
481 3458 523 3523 ad
538 3459 672 3543 patriam
691 3459 887 3525 liberandam
910 3461 995 3524 omni
1017 3459 1177 3524 ferebatur
1199 3461 1280 3544 cogi-
1366 3473 1370 3476 ·

217 3563 377 3627 statione.
423 3562 487 3628 Sed
508 3563 637 3627 videbat
662 3562 696 3627 id
722 3564 790 3628 sinc
816 3584 892 3646 rege
913 3565 1079 3629 Persarum
1102 3585 1166 3629 non
1188 3583 1280 3649 posse

250 3666 317 3730 ficri
338 3665 472 3747 ideoque
502 3686 573 3730 eum
599 3667 734 3731 amicum
757 3667 817 3732 sibi
849 3667 996 3752 cupiebat
1021 3667 1151 3750 adiungi
1177 3687 1280 3749 neque

251 3768 425 3848 dubimbat,
458 3769 534 3851 quin
562 3769 622 3835 hoc
651 3775 735 3835 esset
768 3776 1003 3850 consecuturus,
1037 3770 1063 3834 si
1093 3769 1185 3834 modo
1214 3770 1281 3835 eius
