<?xml version="1.0" encoding="UTF-8"?>
<!DOCTYPE html PUBLIC "-//W3C//DTD XHTML 1.0 Transitional//EN"
    "http://www.w3.org/TR/xhtml1/DTD/xhtml1-transitional.dtd">
<html xmlns="http://www.w3.org/1999/xhtml" xml:lang="en" lang="en">
 <head>
  <title>
</title>
<meta http-equiv="Content-Type" content="text/html;charset=utf-8" />
  <meta name='ocr-system' content='tesseract 3.04.00' />
  <meta name='ocr-capabilities' content='ocr_page ocr_carea ocr_par ocr_line ocrx_word'/>
</head>
<body>
  <div class='ocr_page' id='page_1' title='image "./vitae00nepogoog_0042.png"; bbox 0 0 2934 4192; ppageno 0'>
   <div class='ocr_carea' id='block_1_1' title="bbox 309 180 1130 252">
    <p class='ocr_par' dir='ltr' id='par_1_1' title="bbox 309 180 1130 252">
     <span class='ocr_line' id='line_1_1' title="bbox 309 180 1130 252; baseline 0.01 -8"><span class='ocrx_word' id='word_1_1' title='bbox 309 180 347 244; x_wconf 87' lang='lat'>18</span> <span class='ocrx_word' id='word_1_2' title='bbox 510 199 558 252; x_wconf 91' lang='lat' dir='ltr'>lV.</span> <span class='ocrx_word' id='word_1_3' title='bbox 577 197 744 252; x_wconf 82' lang='lat' dir='ltr'>PAUSANl</span> <span class='ocrx_word' id='word_1_4' title='bbox 749 195 805 250; x_wconf 90' lang='lat' dir='ltr'>AS.</span> <span class='ocrx_word' id='word_1_5' title='bbox 824 199 848 250; x_wconf 84' lang='lat'>4.</span> <span class='ocrx_word' id='word_1_6' title='bbox 862 201 885 252; x_wconf 91' lang='grc'>5.</span> <span class='ocrx_word' id='word_1_7' title='bbox 917 197 950 250; x_wconf 90' lang='lat' dir='ltr'>V.</span> <span class='ocrx_word' id='word_1_8' title='bbox 969 196 1086 251; x_wconf 76' lang='lat' dir='ltr'>elnon.</span> <span class='ocrx_word' id='word_1_9' title='bbox 1108 199 1130 252; x_wconf 91' lang='lat'>1.</span> 
     </span>
    </p>
   </div>
   <div class='ocr_carea' id='block_1_2' title="bbox 272 369 1339 1593">
    <p class='ocr_par' dir='ltr' id='par_1_2' title="bbox 272 369 1339 1593">
     <span class='ocr_line' id='line_1_2' title="bbox 306 369 1337 454; baseline 0.001 -20"><span class='ocrx_word' id='word_1_10' title='bbox 306 370 428 435; x_wconf 88' lang='lat' dir='ltr'>derunt.</span> <span class='ocrx_word' id='word_1_11' title='bbox 474 370 658 451; x_wconf 82' lang='lat' dir='ltr'>Pausanias,</span> <span class='ocrx_word' id='word_1_12' title='bbox 689 378 722 434; x_wconf 95' lang='lat' dir='ltr'>ut</span> <span class='ocrx_word' id='word_1_13' title='bbox 751 370 872 435; x_wconf 87' lang='lat' dir='ltr'>audivit</span> <span class='ocrx_word' id='word_1_14' title='bbox 911 370 1066 454; x_wconf 81' lang='lat' dir='ltr'><strong>Argilium</strong></span> <span class='ocrx_word' id='word_1_15' title='bbox 1096 369 1275 454; x_wconf 77' lang='lat' dir='ltr'>confugisse</span> <span class='ocrx_word' id='word_1_16' title='bbox 1303 370 1337 435; x_wconf 88' lang='lat' dir='ltr'>in</span> 
     </span>
     <span class='ocr_line' id='line_1_3' title="bbox 307 472 1337 558; baseline 0.001 -21"><span class='ocrx_word' id='word_1_17' title='bbox 307 494 404 558; x_wconf 90' lang='lat' dir='ltr'>aram,</span> <span class='ocrx_word' id='word_1_18' title='bbox 434 474 633 558; x_wconf 90' lang='lat' dir='ltr'>perturbatus</span> <span class='ocrx_word' id='word_1_19' title='bbox 663 474 751 539; x_wconf 83' lang='lat' dir='ltr'>venit</span> <span class='ocrx_word' id='word_1_20' title='bbox 778 493 952 555; x_wconf 84' lang='lat' dir='ltr'>excoque,</span> <span class='ocrx_word' id='word_1_21' title='bbox 984 492 1054 537; x_wconf 90' lang='lat' dir='ltr'>cum</span> <span class='ocrx_word' id='word_1_22' title='bbox 1084 473 1256 558; x_wconf 89' lang='lat' dir='ltr'>supplicem</span> <span class='ocrx_word' id='word_1_23' title='bbox 1286 472 1337 538; x_wconf 93' lang='lat' dir='ltr'>dei</span> 
     </span>
     <span class='ocr_line' id='line_1_4' title="bbox 307 575 1338 660; baseline 0.002 -20"><span class='ocrx_word' id='word_1_24' title='bbox 307 577 428 641; x_wconf 86' lang='lat' dir='ltr'>videret</span> <span class='ocrx_word' id='word_1_25' title='bbox 443 577 475 641; x_wconf 92' lang='lat' dir='ltr'>in</span> <span class='ocrx_word' id='word_1_26' title='bbox 495 597 550 642; x_wconf 87' lang='lat' dir='ltr'>ara</span> <span class='ocrx_word' id='word_1_27' title='bbox 565 577 738 658; x_wconf 83' lang='lat' dir='ltr'>sedentem,</span> <span class='ocrx_word' id='word_1_28' title='bbox 762 577 893 660; x_wconf 88' lang='lat' dir='ltr'>quaerit,</span> <span class='ocrx_word' id='word_1_29' title='bbox 917 596 1030 641; x_wconf 91' lang='lat' dir='ltr'>causae</span> <span class='ocrx_word' id='word_1_30' title='bbox 1047 575 1122 658; x_wconf 93' lang='lat' dir='ltr'>quid</span> <span class='ocrx_word' id='word_1_31' title='bbox 1144 576 1185 641; x_wconf 91' lang='lat' dir='ltr'>sit</span> <span class='ocrx_word' id='word_1_32' title='bbox 1206 583 1271 642; x_wconf 91' lang='lat' dir='ltr'>tam</span> <span class='ocrx_word' id='word_1_33' title='bbox 1294 596 1338 642; x_wconf 89' lang='lat' dir='ltr'>re-</span> 
     </span>
     <span class='ocr_line' id='line_1_5' title="bbox 308 679 1336 766; baseline 0.001 -21"><span class='ocrx_word' id='word_1_34' title='bbox 308 682 429 766; x_wconf 88' lang='lat' dir='ltr'>pentini</span> <span class='ocrx_word' id='word_1_35' title='bbox 453 681 582 745; x_wconf 92' lang='lat' dir='ltr'>consilii.</span> <span class='ocrx_word' id='word_1_36' title='bbox 628 682 710 745; x_wconf 89' lang='lat' dir='ltr'>Huic</span> <span class='ocrx_word' id='word_1_37' title='bbox 736 681 797 762; x_wconf 89' lang='lat' dir='ltr'>ille,</span> <span class='ocrx_word' id='word_1_38' title='bbox 829 679 904 763; x_wconf 91' lang='lat' dir='ltr'>quid</span> <span class='ocrx_word' id='word_1_39' title='bbox 928 700 969 745; x_wconf 83' lang='lat' dir='ltr'>ex</span> <span class='ocrx_word' id='word_1_40' title='bbox 990 680 1102 745; x_wconf 89' lang='lat' dir='ltr'>litteris</span> <span class='ocrx_word' id='word_1_41' title='bbox 1125 681 1336 765; x_wconf 88' lang='lat' dir='ltr'>comperisset,</span> 
     </span>
     <span class='ocr_line' id='line_1_6' title="bbox 274 784 1337 868; baseline 0.001 -20"><span class='ocrx_word' id='word_1_42' title='bbox 274 785 417 868; x_wconf 69' lang='lat' dir='ltr'>caperit.</span> <span class='ocrx_word' id='word_1_43' title='bbox 453 786 549 849; x_wconf 87' lang='lat' dir='ltr'>Multo</span> <span class='ocrx_word' id='word_1_44' title='bbox 572 785 673 868; x_wconf 78' lang='lat' dir='ltr'>magis</span> <span class='ocrx_word' id='word_1_45' title='bbox 695 785 870 849; x_wconf 84' lang='lat' dir='ltr'>Pausanias</span> <span class='ocrx_word' id='word_1_46' title='bbox 892 784 1092 868; x_wconf 87' lang='lat' dir='ltr'>perturbatus</span> <span class='ocrx_word' id='word_1_47' title='bbox 1115 804 1203 849; x_wconf 93' lang='lat' dir='ltr'>orare</span> <span class='ocrx_word' id='word_1_48' title='bbox 1225 785 1337 868; x_wconf 87' lang='lat' dir='ltr'>coepit,</span> 
     </span>
     <span class='ocr_line' id='line_1_7' title="bbox 307 886 1337 972; baseline 0 -20"><span class='ocrx_word' id='word_1_49' title='bbox 307 908 348 952; x_wconf 90' lang='lat' dir='ltr'>ne</span> <span class='ocrx_word' id='word_1_50' title='bbox 372 888 547 952; x_wconf 80' lang='lat' dir='ltr'>enuntiaret</span> <span class='ocrx_word' id='word_1_51' title='bbox 570 907 651 951; x_wconf 80' lang='lat' dir='ltr'>nere</span> <span class='ocrx_word' id='word_1_52' title='bbox 674 907 708 953; x_wconf 90' lang='lat' dir='ltr'>se</span> <span class='ocrx_word' id='word_1_53' title='bbox 730 888 848 972; x_wconf 89' lang='lat' dir='ltr'>optime</span> <span class='ocrx_word' id='word_1_54' title='bbox 875 886 914 952; x_wconf 90' lang='lat' dir='ltr'>de</span> <span class='ocrx_word' id='word_1_55' title='bbox 929 888 989 952; x_wconf 89' lang='lat' dir='ltr'>-illo</span> <span class='ocrx_word' id='word_1_56' title='bbox 1011 887 1155 952; x_wconf 89' lang='lat' dir='ltr'>meritum</span> <span class='ocrx_word' id='word_1_57' title='bbox 1178 887 1337 972; x_wconf 87' lang='lat' dir='ltr'>proderet:</span> 
     </span>
     <span class='ocr_line' id='line_1_8' title="bbox 308 990 1339 1075; baseline 0.001 -19"><span class='ocrx_word' id='word_1_58' title='bbox 308 991 391 1074; x_wconf 90' lang='lat' dir='ltr'>quod</span> <span class='ocrx_word' id='word_1_59' title='bbox 413 992 439 1056; x_wconf 95' lang='lat' dir='ltr'>si</span> <span class='ocrx_word' id='word_1_60' title='bbox 463 1011 532 1055; x_wconf 91' lang='lat' dir='ltr'>eam</span> <span class='ocrx_word' id='word_1_61' title='bbox 554 992 680 1055; x_wconf 84' lang='lat' dir='ltr'>veniam</span> <span class='ocrx_word' id='word_1_62' title='bbox 703 992 763 1056; x_wconf 87' lang='lat' dir='ltr'>sibi</span> <span class='ocrx_word' id='word_1_63' title='bbox 790 990 930 1056; x_wconf 89' lang='lat' dir='ltr'>dedisset</span> <span class='ocrx_word' id='word_1_64' title='bbox 958 991 1117 1073; x_wconf 83' lang='lat' dir='ltr'>tantisque</span> <span class='ocrx_word' id='word_1_65' title='bbox 1146 991 1339 1075; x_wconf 88' lang='lat' dir='ltr'>implicatum</span> 
     </span>
     <span class='ocr_line' id='line_1_9' title="bbox 272 1091 1339 1180; baseline 0.002 -21"><span class='ocrx_word' id='word_1_66' title='bbox 272 1096 402 1168; x_wconf 77' lang='lat' dir='ltr'>srebus</span> <span class='ocrx_word' id='word_1_67' title='bbox 425 1096 630 1177; x_wconf 81' lang='lat' dir='ltr'>sublevasset,</span> <span class='ocrx_word' id='word_1_68' title='bbox 653 1116 769 1178; x_wconf 81' lang='lat' dir='ltr'>magno</span> <span class='ocrx_word' id='word_1_69' title='bbox 792 1096 821 1160; x_wconf 91' lang='lat' dir='ltr'>ei</span> <span class='ocrx_word' id='word_1_70' title='bbox 836 1095 975 1180; x_wconf 90' lang='lat' dir='ltr'>praemio</span> <span class='ocrx_word' id='word_1_71' title='bbox 989 1091 1137 1159; x_wconf 84' lang='lat' dir='ltr'>futurum.</span> <span class='ocrx_word' id='word_1_72' title='bbox 1168 1095 1226 1160; x_wconf 90' lang='lat' dir='ltr'>His</span> <span class='ocrx_word' id='word_1_73' title='bbox 1245 1095 1339 1161; x_wconf 89' lang='lat' dir='ltr'>rebus</span> 
     </span>
     <span class='ocr_line' id='line_1_10' title="bbox 308 1198 1339 1283; baseline 0 -20"><span class='ocrx_word' id='word_1_74' title='bbox 308 1199 417 1283; x_wconf 90' lang='lat' dir='ltr'>ephori</span> <span class='ocrx_word' id='word_1_75' title='bbox 440 1198 573 1282; x_wconf 88' lang='lat' dir='ltr'>cognitis</span> <span class='ocrx_word' id='word_1_76' title='bbox 596 1205 702 1263; x_wconf 88' lang='lat' dir='ltr'>tamen</span> <span class='ocrx_word' id='word_1_77' title='bbox 726 1199 823 1279; x_wconf 88' lang='lat' dir='ltr'>satius</span> <span class='ocrx_word' id='word_1_78' title='bbox 845 1205 995 1283; x_wconf 89' lang='lat' dir='ltr'>putarunt</span> <span class='ocrx_word' id='word_1_79' title='bbox 1016 1199 1048 1262; x_wconf 91' lang='lat' dir='ltr'>in</span> <span class='ocrx_word' id='word_1_80' title='bbox 1071 1198 1148 1262; x_wconf 92' lang='lat' dir='ltr'>urbe</span> <span class='ocrx_word' id='word_1_81' title='bbox 1172 1218 1241 1263; x_wconf 93' lang='lat' dir='ltr'>eum</span> <span class='ocrx_word' id='word_1_82' title='bbox 1258 1219 1339 1264; x_wconf 91' lang='lat' dir='ltr'>com-</span> 
     </span>
     <span class='ocr_line' id='line_1_11' title="bbox 308 1301 1339 1387; baseline 0.002 -21"><span class='ocrx_word' id='word_1_83' title='bbox 308 1302 469 1387; x_wconf 90' lang='lat' dir='ltr'>prehendi.</span> <span class='ocrx_word' id='word_1_84' title='bbox 497 1301 567 1378; x_wconf 82' lang='lat' dir='ltr'>Quo</span> <span class='ocrx_word' id='word_1_85' title='bbox 590 1323 661 1366; x_wconf 91' lang='lat' dir='ltr'>cum</span> <span class='ocrx_word' id='word_1_86' title='bbox 684 1309 790 1368; x_wconf 88' lang='lat' dir='ltr'>essent</span> <span class='ocrx_word' id='word_1_87' title='bbox 811 1301 942 1387; x_wconf 85' lang='lat' dir='ltr'>profecti</span> <span class='ocrx_word' id='word_1_88' title='bbox 966 1308 997 1366; x_wconf 88' lang='lat' dir='ltr'>et</span> <span class='ocrx_word' id='word_1_89' title='bbox 1019 1302 1193 1367; x_wconf 89' lang='lat' dir='ltr'>Pausanias</span> <span class='ocrx_word' id='word_1_90' title='bbox 1214 1302 1339 1386; x_wconf 88' lang='lat' dir='ltr'>placato</span> 
     </span>
     <span class='ocr_line' id='line_1_12' title="bbox 308 1405 1339 1490; baseline -0.001 -19"><span class='ocrx_word' id='word_1_91' title='bbox 308 1405 437 1490; x_wconf 85' lang='lat' dir='ltr'>Argilio,</span> <span class='ocrx_word' id='word_1_92' title='bbox 464 1411 498 1470; x_wconf 87' lang='lat' dir='ltr'>ut</span> <span class='ocrx_word' id='word_1_93' title='bbox 520 1408 661 1490; x_wconf 88' lang='lat' dir='ltr'>putabat,</span> <span class='ocrx_word' id='word_1_94' title='bbox 687 1405 958 1472; x_wconf 83' lang='lat' dir='ltr'>Lacedaemonem</span> <span class='ocrx_word' id='word_1_95' title='bbox 984 1411 1200 1487; x_wconf 88' lang='lat' dir='ltr'>reverteretur,</span> <span class='ocrx_word' id='word_1_96' title='bbox 1231 1406 1264 1470; x_wconf 93' lang='lat' dir='ltr'>iu</span> <span class='ocrx_word' id='word_1_97' title='bbox 1290 1406 1339 1470; x_wconf 94' lang='lat' dir='ltr'>iti-</span> 
     </span>
     <span class='ocr_line' id='line_1_13' title="bbox 309 1508 1339 1593; baseline -0.001 -18"><span class='ocrx_word' id='word_1_98' title='bbox 309 1530 393 1591; x_wconf 88' lang='lat' dir='ltr'>nere,</span> <span class='ocrx_word' id='word_1_99' title='bbox 414 1531 484 1574; x_wconf 90' lang='lat' dir='ltr'>cum</span> <span class='ocrx_word' id='word_1_100' title='bbox 499 1509 562 1573; x_wconf 90' lang='lat' dir='ltr'>iam</span> <span class='ocrx_word' id='word_1_101' title='bbox 577 1510 609 1573; x_wconf 91' lang='lat' dir='ltr'>in</span> <span class='ocrx_word' id='word_1_102' title='bbox 626 1529 662 1574; x_wconf 89' lang='lat' dir='ltr'>eo</span> <span class='ocrx_word' id='word_1_103' title='bbox 679 1511 770 1590; x_wconf 88' lang='lat' dir='ltr'>essct,</span> <span class='ocrx_word' id='word_1_104' title='bbox 790 1517 825 1574; x_wconf 90' lang='lat' dir='ltr'>ut</span> <span class='ocrx_word' id='word_1_105' title='bbox 841 1508 1165 1593; x_wconf 83' lang='lat' dir='ltr'>comprehenderetur,</span> <span class='ocrx_word' id='word_1_106' title='bbox 1190 1528 1231 1574; x_wconf 86' lang='lat' dir='ltr'>ex</span> <span class='ocrx_word' id='word_1_107' title='bbox 1249 1509 1339 1574; x_wconf 81' lang='lat' dir='ltr'>vultu</span> 
     </span>
    </p>
   </div>
   <div class='ocr_carea' id='block_1_3' title="bbox 277 1611 1449 1801">
    <p class='ocr_par' dir='ltr' id='par_1_3' title="bbox 277 1611 1449 1801">
     <span class='ocr_line' id='line_1_14' title="bbox 309 1611 1449 1700; baseline 0 -22"><span class='ocrx_word' id='word_1_108' title='bbox 309 1613 470 1679; x_wconf 90' lang='lat' dir='ltr'>cuiusdam</span> <span class='ocrx_word' id='word_1_109' title='bbox 501 1613 618 1698; x_wconf 91' lang='lat' dir='ltr'>ephori,</span> <span class='ocrx_word' id='word_1_110' title='bbox 650 1614 702 1696; x_wconf 91' lang='lat' dir='ltr'>qui</span> <span class='ocrx_word' id='word_1_111' title='bbox 733 1635 804 1678; x_wconf 91' lang='lat' dir='ltr'>eum</span> <span class='ocrx_word' id='word_1_112' title='bbox 835 1612 996 1677; x_wconf 88' lang='lat' dir='ltr'>admoneri</span> <span class='ocrx_word' id='word_1_113' title='bbox 1020 1613 1175 1697; x_wconf 90' lang='lat' dir='ltr'>cupiebat,</span> <span class='ocrx_word' id='word_1_114' title='bbox 1189 1611 1192 1615; x_wconf 82' lang='grc'><strong>’</strong></span> <span class='ocrx_word' id='word_1_115' title='bbox 1206 1611 1338 1678; x_wconf 88' lang='lat' dir='ltr'>insidias</span> <span class='ocrx_word' id='word_1_116' title='bbox 1448 1679 1449 1700; x_wconf 63' lang='lat'>,</span> 
     </span>
     <span class='ocr_line' id='line_1_15' title="bbox 277 1715 1449 1801; baseline -0.009 -17"><span class='ocrx_word' id='word_1_117' title='bbox 277 1719 369 1784; x_wconf 80' lang='lat' dir='ltr'>asibi</span> <span class='ocrx_word' id='word_1_118' title='bbox 393 1717 459 1782; x_wconf 89' lang='lat' dir='ltr'>fieri</span> <span class='ocrx_word' id='word_1_119' title='bbox 481 1717 645 1781; x_wconf 85' lang='lat' dir='ltr'>intellexit.</span> <span class='ocrx_word' id='word_1_120' title='bbox 691 1719 802 1800; x_wconf 88' lang='lat' dir='ltr'>ltaque</span> <span class='ocrx_word' id='word_1_121' title='bbox 832 1717 941 1801; x_wconf 89' lang='lat' dir='ltr'>paucis</span> <span class='ocrx_word' id='word_1_122' title='bbox 964 1722 1038 1780; x_wconf 89' lang='lat' dir='ltr'>ante</span> <span class='ocrx_word' id='word_1_123' title='bbox 1065 1715 1216 1799; x_wconf 83' lang='lat' dir='ltr'>gradibus</span> <span class='ocrx_word' id='word_1_124' title='bbox 1243 1735 1337 1798; x_wconf 91' lang='lat' dir='ltr'>quam</span> <span class='ocrx_word' id='word_1_125' title='bbox 1448 1763 1449 1774; x_wconf 70' lang='grc'>,</span> 
     </span>
    </p>
   </div>
   <div class='ocr_carea' id='block_1_4' title="bbox 275 1820 1338 2215">
    <p class='ocr_par' dir='ltr' id='par_1_4' title="bbox 275 1820 1338 2215">
     <span class='ocr_line' id='line_1_16' title="bbox 310 1820 1338 1904; baseline -0.003 -18"><span class='ocrx_word' id='word_1_126' title='bbox 310 1822 362 1904; x_wconf 90' lang='lat' dir='ltr'>qui</span> <span class='ocrx_word' id='word_1_127' title='bbox 393 1841 464 1885; x_wconf 91' lang='lat' dir='ltr'>eum</span> <span class='ocrx_word' id='word_1_128' title='bbox 494 1823 706 1904; x_wconf 85' lang='lat' dir='ltr'>sequebantur</span> <span class='ocrx_word' id='word_1_129' title='bbox 739 1821 773 1885; x_wconf 91' lang='lat' dir='ltr'>in</span> <span class='ocrx_word' id='word_1_130' title='bbox 803 1820 915 1884; x_wconf 90' lang='lat' dir='ltr'>aedem</span> <span class='ocrx_word' id='word_1_131' title='bbox 942 1822 1112 1901; x_wconf 88' lang='lat' dir='ltr'>Minervae,</span> <span class='ocrx_word' id='word_1_132' title='bbox 1144 1840 1224 1901; x_wconf 91' lang='lat' dir='ltr'>quae</span> <span class='ocrx_word' id='word_1_133' title='bbox 1247 1820 1338 1885; x_wconf 79' lang='lat' dir='ltr'>chal-</span> 
     </span>
     <span class='ocr_line' id='line_1_17' title="bbox 310 1923 1337 2008; baseline -0.003 -18"><span class='ocrx_word' id='word_1_134' title='bbox 310 1927 422 1991; x_wconf 91' lang='lat' dir='ltr'>cioicos</span> <span class='ocrx_word' id='word_1_135' title='bbox 445 1932 582 2006; x_wconf 87' lang='lat' dir='ltr'>vocatur,</span> <span class='ocrx_word' id='word_1_136' title='bbox 607 1924 756 2008; x_wconf 82' lang='lat' dir='ltr'>confugit.</span> <span class='ocrx_word' id='word_1_137' title='bbox 801 1924 885 1988; x_wconf 89' lang='lat' dir='ltr'>Hine</span> <span class='ocrx_word' id='word_1_138' title='bbox 907 1943 947 1988; x_wconf 91' lang='lat' dir='ltr'>ne</span> <span class='ocrx_word' id='word_1_139' title='bbox 971 1924 1058 1988; x_wconf 81' lang='lat' dir='ltr'>exire</span> <span class='ocrx_word' id='word_1_140' title='bbox 1084 1929 1200 2007; x_wconf 85' lang='lat' dir='ltr'>posset,</span> <span class='ocrx_word' id='word_1_141' title='bbox 1231 1923 1337 1988; x_wconf 90' lang='lat' dir='ltr'>statim</span> 
     </span>
     <span class='ocr_line' id='line_1_18' title="bbox 310 2027 1338 2114; baseline -0.005 -19"><span class='ocrx_word' id='word_1_142' title='bbox 310 2027 417 2114; x_wconf 82' lang='lat' dir='ltr'>ephori</span> <span class='ocrx_word' id='word_1_143' title='bbox 446 2030 556 2094; x_wconf 89' lang='lat' dir='ltr'>valvas</span> <span class='ocrx_word' id='word_1_144' title='bbox 587 2029 653 2096; x_wconf 89' lang='lat' dir='ltr'>eius</span> <span class='ocrx_word' id='word_1_145' title='bbox 683 2028 771 2093; x_wconf 89' lang='lat' dir='ltr'>aedis</span> <span class='ocrx_word' id='word_1_146' title='bbox 801 2029 1023 2094; x_wconf 81' lang='lat' dir='ltr'>obstruxerunt</span> <span class='ocrx_word' id='word_1_147' title='bbox 1053 2032 1231 2109; x_wconf 87' lang='lat' dir='ltr'>tectumque</span> <span class='ocrx_word' id='word_1_148' title='bbox 1264 2034 1338 2092; x_wconf 90' lang='lat' dir='ltr'>sunt</span> 
     </span>
     <span class='ocr_line' id='line_1_19' title="bbox 275 2130 1336 2215; baseline -0.002 -19"><span class='ocrx_word' id='word_1_149' title='bbox 275 2158 290 2204; x_wconf 84' lang='lat'><strong>3</strong></span> <span class='ocrx_word' id='word_1_150' title='bbox 310 2132 458 2213; x_wconf 91' lang='lat' dir='ltr'>demoliti,</span> <span class='ocrx_word' id='word_1_151' title='bbox 482 2153 542 2215; x_wconf 88' lang='lat' dir='ltr'>quo</span> <span class='ocrx_word' id='word_1_152' title='bbox 567 2132 698 2197; x_wconf 91' lang='lat' dir='ltr'>celerius</span> <span class='ocrx_word' id='word_1_153' title='bbox 721 2133 778 2198; x_wconf 91' lang='lat' dir='ltr'>sub</span> <span class='ocrx_word' id='word_1_154' title='bbox 801 2131 875 2196; x_wconf 88' lang='lat' dir='ltr'>divo</span> <span class='ocrx_word' id='word_1_155' title='bbox 897 2131 1046 2195; x_wconf 85' lang='lat' dir='ltr'>interhet.</span> <span class='ocrx_word' id='word_1_156' title='bbox 1078 2130 1195 2194; x_wconf 85' lang='lat' dir='ltr'>Dicunt</span> <span class='ocrx_word' id='word_1_157' title='bbox 1210 2151 1247 2196; x_wconf 94' lang='lat' dir='ltr'>eo</span> <span class='ocrx_word' id='word_1_158' title='bbox 1262 2137 1336 2194; x_wconf 90' lang='lat' dir='ltr'>tem·</span> 
     </span>
    </p>
   </div>
   <div class='ocr_carea' id='block_1_5' title="bbox 309 2233 1448 2322">
    <p class='ocr_par' dir='ltr' id='par_1_5' title="bbox 309 2233 1448 2322">
     <span class='ocr_line' id='line_1_20' title="bbox 309 2233 1448 2322; baseline -0.004 -21"><span class='ocrx_word' id='word_1_159' title='bbox 309 2256 384 2321; x_wconf 88' lang='lat' dir='ltr'>pore</span> <span class='ocrx_word' id='word_1_160' title='bbox 396 2243 526 2300; x_wconf 91' lang='lat' dir='ltr'>matrem</span> <span class='ocrx_word' id='word_1_161' title='bbox 552 2236 726 2300; x_wconf 90' lang='lat' dir='ltr'>Pausaniae</span> <span class='ocrx_word' id='word_1_162' title='bbox 738 2234 857 2300; x_wconf 81' lang='lat' dir='ltr'>vixisse</span> <span class='ocrx_word' id='word_1_163' title='bbox 868 2254 1000 2316; x_wconf 90' lang='lat' dir='ltr'>eamque</span> <span class='ocrx_word' id='word_1_164' title='bbox 1012 2234 1073 2297; x_wconf 88' lang='lat' dir='ltr'>iam</span> <span class='ocrx_word' id='word_1_165' title='bbox 1085 2233 1238 2317; x_wconf 83' lang='lat' dir='ltr'>grandem</span> <span class='ocrx_word' id='word_1_166' title='bbox 1251 2240 1336 2315; x_wconf 91' lang='lat' dir='ltr'>natu,</span> <span class='ocrx_word' id='word_1_167' title='bbox 1447 2295 1448 2322; x_wconf 14' lang='grc' dir='ltr'>ἦ</span> 
     </span>
    </p>
   </div>
   <div class='ocr_carea' id='block_1_6' title="bbox 156 2337 1349 3871">
    <p class='ocr_par' dir='ltr' id='par_1_6' title="bbox 156 2337 1343 3251">
     <span class='ocr_line' id='line_1_21' title="bbox 308 2337 1337 2424; baseline -0.005 -19"><span class='ocrx_word' id='word_1_168' title='bbox 308 2337 473 2424; x_wconf 87' lang='lat' dir='ltr'>postquam</span> <span class='ocrx_word' id='word_1_169' title='bbox 490 2339 529 2404; x_wconf 91' lang='lat' dir='ltr'>de</span> <span class='ocrx_word' id='word_1_170' title='bbox 545 2341 661 2404; x_wconf 87' lang='lat' dir='ltr'>scelere</span> <span class='ocrx_word' id='word_1_171' title='bbox 676 2339 732 2404; x_wconf 91' lang='lat' dir='ltr'>filii</span> <span class='ocrx_word' id='word_1_172' title='bbox 755 2339 966 2423; x_wconf 89' lang='lat' dir='ltr'>comperisset,</span> <span class='ocrx_word' id='word_1_173' title='bbox 989 2338 1022 2402; x_wconf 88' lang='lat' dir='ltr'>in</span> <span class='ocrx_word' id='word_1_174' title='bbox 1045 2337 1154 2421; x_wconf 88' lang='lat' dir='ltr'>primis</span> <span class='ocrx_word' id='word_1_175' title='bbox 1176 2337 1217 2400; x_wconf 90' lang='lat' dir='ltr'>ad</span> <span class='ocrx_word' id='word_1_176' title='bbox 1239 2337 1337 2401; x_wconf 91' lang='lat' dir='ltr'>filium</span> 
     </span>
     <span class='ocr_line' id='line_1_22' title="bbox 276 2440 1339 2528; baseline -0.005 -17"><span class='ocrx_word' id='word_1_177' title='bbox 276 2443 517 2513; x_wconf 73' lang='lat' dir='ltr'>sclaudendum</span> <span class='ocrx_word' id='word_1_178' title='bbox 539 2443 677 2528; x_wconf 88' lang='lat' dir='ltr'>lapidem</span> <span class='ocrx_word' id='word_1_179' title='bbox 703 2442 746 2508; x_wconf 89' lang='lat' dir='ltr'>ad</span> <span class='ocrx_word' id='word_1_180' title='bbox 773 2442 935 2506; x_wconf 88' lang='lat' dir='ltr'>introitum</span> <span class='ocrx_word' id='word_1_181' title='bbox 965 2440 1053 2506; x_wconf 91' lang='lat' dir='ltr'>aedis</span> <span class='ocrx_word' id='word_1_182' title='bbox 1083 2440 1232 2506; x_wconf 89' lang='lat' dir='ltr'>attulisse.</span> <span class='ocrx_word' id='word_1_183' title='bbox 1277 2442 1339 2506; x_wconf 90' lang='lat' dir='ltr'>Hic</span> 
     </span>
     <span class='ocr_line' id='line_1_23' title="bbox 295 2545 1339 2631; baseline -0.003 -20"><span class='ocrx_word' id='word_1_184' title='bbox 295 2551 381 2611; x_wconf 86' lang='lat' dir='ltr'>¹eum</span> <span class='ocrx_word' id='word_1_185' title='bbox 404 2547 596 2612; x_wconf 90' lang='lat' dir='ltr'>semianimis</span> <span class='ocrx_word' id='word_1_186' title='bbox 619 2546 659 2611; x_wconf 91' lang='lat' dir='ltr'>de</span> <span class='ocrx_word' id='word_1_187' title='bbox 681 2546 797 2631; x_wconf 89' lang='lat' dir='ltr'>templo</span> <span class='ocrx_word' id='word_1_188' title='bbox 825 2546 925 2609; x_wconf 92' lang='lat' dir='ltr'>elatus</span> <span class='ocrx_word' id='word_1_189' title='bbox 955 2551 1047 2624; x_wconf 89' lang='lat' dir='ltr'>essct,</span> <span class='ocrx_word' id='word_1_190' title='bbox 1079 2545 1243 2608; x_wconf 81' lang='lat' dir='ltr'>confestim</span> <span class='ocrx_word' id='word_1_191' title='bbox 1273 2545 1339 2608; x_wconf 90' lang='lat' dir='ltr'>ani-</span> 
     </span>
     <span class='ocr_line' id='line_1_24' title="bbox 156 2649 1341 2733; baseline -0.003 -17"><span class='ocrx_word' id='word_1_192' title='bbox 156 2679 256 2720; x_wconf 64' lang='lat' dir='ltr'>rarscs.</span> <span class='ocrx_word' id='word_1_193' title='bbox 310 2672 394 2715; x_wconf 92' lang='lat' dir='ltr'>mam</span> <span class='ocrx_word' id='word_1_194' title='bbox 410 2650 537 2715; x_wconf 85' lang='lat' dir='ltr'>efflavit.</span> <span class='ocrx_word' id='word_1_195' title='bbox 573 2651 624 2716; x_wconf 86' lang='lat' dir='ltr'>Sic</span> <span class='ocrx_word' id='word_1_196' title='bbox 639 2650 812 2716; x_wconf 87' lang='lat' dir='ltr'>Pausanias</span> <span class='ocrx_word' id='word_1_197' title='bbox 835 2669 983 2732; x_wconf 81' lang='lat' dir='ltr'>magnam</span> <span class='ocrx_word' id='word_1_198' title='bbox 1006 2649 1080 2713; x_wconf 94' lang='lat' dir='ltr'>belli</span> <span class='ocrx_word' id='word_1_199' title='bbox 1102 2649 1232 2731; x_wconf 78' lang='lat' dir='ltr'>gloriam</span> <span class='ocrx_word' id='word_1_200' title='bbox 1255 2649 1341 2733; x_wconf 91' lang='lat' dir='ltr'>turpi</span> 
     </span>
     <span class='ocr_line' id='line_1_25' title="bbox 275 2751 1341 2835; baseline -0.007 -12"><span class='ocrx_word' id='word_1_201' title='bbox 275 2775 291 2823; x_wconf 78' lang='lat' dir='ltr'>u</span> <span class='ocrx_word' id='word_1_202' title='bbox 310 2760 408 2818; x_wconf 87' lang='lat' dir='ltr'>morte</span> <span class='ocrx_word' id='word_1_203' title='bbox 431 2755 607 2819; x_wconf 89' lang='lat' dir='ltr'>maculavit.</span> <span class='ocrx_word' id='word_1_204' title='bbox 651 2755 747 2819; x_wconf 81' lang='lat' dir='ltr'>Cuius</span> <span class='ocrx_word' id='word_1_205' title='bbox 769 2753 881 2818; x_wconf 90' lang='lat' dir='ltr'>mortui</span> <span class='ocrx_word' id='word_1_206' title='bbox 904 2771 1016 2835; x_wconf 90' lang='lat' dir='ltr'>corpus</span> <span class='ocrx_word' id='word_1_207' title='bbox 1038 2771 1108 2816; x_wconf 89' lang='lat' dir='ltr'>eum</span> <span class='ocrx_word' id='word_1_208' title='bbox 1132 2751 1240 2815; x_wconf 89' lang='lat' dir='ltr'>eodem</span> <span class='ocrx_word' id='word_1_209' title='bbox 1264 2772 1341 2816; x_wconf 93' lang='lat' dir='ltr'>non-</span> 
     </span>
     <span class='ocr_line' id='line_1_26' title="bbox 310 2853 1342 2941; baseline -0.003 -18"><span class='ocrx_word' id='word_1_210' title='bbox 310 2858 386 2924; x_wconf 93' lang='lat' dir='ltr'>nulli</span> <span class='ocrx_word' id='word_1_211' title='bbox 402 2857 541 2922; x_wconf 92' lang='lat' dir='ltr'>dicerent</span> <span class='ocrx_word' id='word_1_212' title='bbox 556 2857 663 2922; x_wconf 90' lang='lat' dir='ltr'>inferri</span> <span class='ocrx_word' id='word_1_213' title='bbox 678 2863 830 2941; x_wconf 91' lang='lat' dir='ltr'>oportere,</span> <span class='ocrx_word' id='word_1_214' title='bbox 854 2876 914 2938; x_wconf 93' lang='lat' dir='ltr'>quo</span> <span class='ocrx_word' id='word_1_215' title='bbox 931 2875 994 2936; x_wconf 91' lang='lat' dir='ltr'>eos,</span> <span class='ocrx_word' id='word_1_216' title='bbox 1015 2855 1067 2936; x_wconf 92' lang='lat' dir='ltr'>qui</span> <span class='ocrx_word' id='word_1_217' title='bbox 1086 2853 1128 2918; x_wconf 91' lang='lat' dir='ltr'>ad</span> <span class='ocrx_word' id='word_1_218' title='bbox 1151 2855 1342 2939; x_wconf 91' lang='lat' dir='ltr'>supplicium</span> 
     </span>
     <span class='ocr_line' id='line_1_27' title="bbox 311 2957 1341 3046; baseline -0.004 -19"><span class='ocrx_word' id='word_1_219' title='bbox 311 2969 416 3028; x_wconf 87' lang='lat' dir='ltr'>essent</span> <span class='ocrx_word' id='word_1_220' title='bbox 451 2960 525 3042; x_wconf 90' lang='lat' dir='ltr'>dati,</span> <span class='ocrx_word' id='word_1_221' title='bbox 561 2960 720 3046; x_wconf 90' lang='lat' dir='ltr'>displicuit</span> <span class='ocrx_word' id='word_1_222' title='bbox 749 2960 890 3044; x_wconf 90' lang='lat' dir='ltr'>pluribus</span> <span class='ocrx_word' id='word_1_223' title='bbox 920 2964 951 3023; x_wconf 87' lang='lat' dir='ltr'>et</span> <span class='ocrx_word' id='word_1_224' title='bbox 981 2957 1066 3022; x_wconf 91' lang='lat' dir='ltr'>haud</span> <span class='ocrx_word' id='word_1_225' title='bbox 1095 2959 1202 3041; x_wconf 92' lang='lat' dir='ltr'>procul</span> <span class='ocrx_word' id='word_1_226' title='bbox 1231 2959 1272 3024; x_wconf 94' lang='lat' dir='ltr'>ab</span> <span class='ocrx_word' id='word_1_227' title='bbox 1301 2978 1341 3023; x_wconf 90' lang='lat' dir='ltr'>eo</span> 
     </span>
     <span class='ocr_line' id='line_1_28' title="bbox 310 3060 1343 3148; baseline -0.002 -19"><span class='ocrx_word' id='word_1_228' title='bbox 310 3067 377 3130; x_wconf 91' lang='lat' dir='ltr'>loco</span> <span class='ocrx_word' id='word_1_229' title='bbox 406 3064 595 3130; x_wconf 90' lang='lat' dir='ltr'>infoderunt.</span> <span class='ocrx_word' id='word_1_230' title='bbox 641 3064 719 3128; x_wconf 91' lang='lat' dir='ltr'>Inde</span> <span class='ocrx_word' id='word_1_231' title='bbox 749 3063 904 3148; x_wconf 88' lang='lat' dir='ltr'>posterius</span> <span class='ocrx_word' id='word_1_232' title='bbox 934 3061 986 3126; x_wconf 89' lang='lat' dir='ltr'>dei</span> <span class='ocrx_word' id='word_1_233' title='bbox 1015 3060 1160 3144; x_wconf 90' lang='lat' dir='ltr'>Delphici</span> <span class='ocrx_word' id='word_1_234' title='bbox 1189 3081 1343 3145; x_wconf 88' lang='lat' dir='ltr'>responso</span> 
     </span>
     <span class='ocr_line' id='line_1_29' title="bbox 312 3165 1342 3251; baseline -0.003 -19"><span class='ocrx_word' id='word_1_235' title='bbox 312 3175 416 3234; x_wconf 84' lang='lat' dir='ltr'>erutus</span> <span class='ocrx_word' id='word_1_236' title='bbox 431 3175 526 3251; x_wconf 88' lang='lat' dir='ltr'>alque</span> <span class='ocrx_word' id='word_1_237' title='bbox 542 3167 652 3233; x_wconf 90' lang='lat' dir='ltr'>eodem</span> <span class='ocrx_word' id='word_1_238' title='bbox 667 3168 735 3232; x_wconf 90' lang='lat' dir='ltr'>loco</span> <span class='ocrx_word' id='word_1_239' title='bbox 752 3167 892 3250; x_wconf 91' lang='lat' dir='ltr'>sepultus</span> <span class='ocrx_word' id='word_1_240' title='bbox 912 3171 970 3246; x_wconf 89' lang='lat' dir='ltr'>est,</span> <span class='ocrx_word' id='word_1_241' title='bbox 990 3165 1044 3229; x_wconf 93' lang='lat' dir='ltr'>ubi</span> <span class='ocrx_word' id='word_1_242' title='bbox 1064 3165 1161 3228; x_wconf 87' lang='lat' dir='ltr'>vitam</span> <span class='ocrx_word' id='word_1_243' title='bbox 1181 3171 1342 3246; x_wconf 89' lang='lat' dir='ltr'>posuerat.</span> 
     </span>
    </p>

    <p class='ocr_par' dir='ltr' id='par_1_7' title="bbox 279 3264 1349 3871">
     <span class='ocr_line' id='line_1_30' title="bbox 279 3264 1345 3353; baseline -0.006 -15"><span class='ocrx_word' id='word_1_244' title='bbox 279 3287 293 3338; x_wconf 91' lang='lat'>1</span> <span class='ocrx_word' id='word_1_245' title='bbox 413 3273 450 3338; x_wconf 92' lang='lat' dir='ltr'>V.</span> <span class='ocrx_word' id='word_1_246' title='bbox 475 3273 590 3353; x_wconf 77' lang='lat' dir='ltr'>Ornos,</span> <span class='ocrx_word' id='word_1_247' title='bbox 621 3270 769 3335; x_wconf 90' lang='lat' dir='ltr'>Miltiadis</span> <span class='ocrx_word' id='word_1_248' title='bbox 795 3270 886 3349; x_wconf 88' lang='lat' dir='ltr'>filius,</span> <span class='ocrx_word' id='word_1_249' title='bbox 915 3267 1117 3332; x_wconf 80' lang='lat' dir='ltr'>Atheniensis</span> <span class='ocrx_word' id='word_1_250' title='bbox 1140 3267 1216 3332; x_wconf 89' lang='lat' dir='ltr'>duro</span> <span class='ocrx_word' id='word_1_251' title='bbox 1234 3264 1345 3332; x_wconf 90' lang='lat' dir='ltr'>admo-</span> 
     </span>
     <span class='ocr_line' id='line_1_31' title="bbox 311 3369 1346 3454; baseline -0.004 -14"><span class='ocrx_word' id='word_1_252' title='bbox 311 3376 384 3440; x_wconf 91' lang='lat' dir='ltr'>dum</span> <span class='ocrx_word' id='word_1_253' title='bbox 408 3376 496 3440; x_wconf 87' lang='lat' dir='ltr'>initio</span> <span class='ocrx_word' id='word_1_254' title='bbox 518 3395 593 3440; x_wconf 90' lang='lat' dir='ltr'>usus</span> <span class='ocrx_word' id='word_1_255' title='bbox 616 3381 663 3439; x_wconf 87' lang='lat' dir='ltr'>est</span> <span class='ocrx_word' id='word_1_256' title='bbox 682 3374 922 3438; x_wconf 87' lang='lat' dir='ltr'>adulescentiae.</span> <span class='ocrx_word' id='word_1_257' title='bbox 960 3373 1044 3436; x_wconf 88' lang='lat' dir='ltr'>Nam</span> <span class='ocrx_word' id='word_1_258' title='bbox 1067 3391 1137 3436; x_wconf 91' lang='lat' dir='ltr'>cum</span> <span class='ocrx_word' id='word_1_259' title='bbox 1160 3377 1249 3454; x_wconf 92' lang='lat' dir='ltr'>pater</span> <span class='ocrx_word' id='word_1_260' title='bbox 1272 3369 1346 3436; x_wconf 89' lang='lat' dir='ltr'>eius</span> 
     </span>
     <span class='ocr_line' id='line_1_32' title="bbox 310 3473 1348 3561; baseline -0.005 -17"><span class='ocrx_word' id='word_1_261' title='bbox 310 3480 398 3544; x_wconf 91' lang='lat' dir='ltr'>litem</span> <span class='ocrx_word' id='word_1_262' title='bbox 412 3480 439 3543; x_wconf 88' lang='lat' dir='ltr'>L</span> <span class='ocrx_word' id='word_1_263' title='bbox 454 3479 580 3543; x_wconf 89' lang='lat' dir='ltr'>talentis</span> <span class='ocrx_word' id='word_1_264' title='bbox 603 3478 799 3543; x_wconf 90' lang='lat' dir='ltr'>aestimatam</span> <span class='ocrx_word' id='word_1_265' title='bbox 821 3477 935 3561; x_wconf 93' lang='lat' dir='ltr'>populo</span> <span class='ocrx_word' id='word_1_266' title='bbox 958 3476 1078 3540; x_wconf 90' lang='lat' dir='ltr'>solvere</span> <span class='ocrx_word' id='word_1_267' title='bbox 1101 3494 1164 3538; x_wconf 94' lang='lat' dir='ltr'>non</span> <span class='ocrx_word' id='word_1_268' title='bbox 1187 3473 1348 3557; x_wconf 87' lang='lat' dir='ltr'>potuisset</span> 
     </span>
     <span class='ocr_line' id='line_1_33' title="bbox 311 3576 1348 3665; baseline -0.003 -18"><span class='ocrx_word' id='word_1_269' title='bbox 311 3584 352 3648; x_wconf 89' lang='lat' dir='ltr'>ab</span> <span class='ocrx_word' id='word_1_270' title='bbox 368 3603 499 3665; x_wconf 91' lang='lat' dir='ltr'>eamque</span> <span class='ocrx_word' id='word_1_271' title='bbox 515 3603 639 3647; x_wconf 72' lang='lat' dir='ltr'>calisam</span> <span class='ocrx_word' id='word_1_272' title='bbox 662 3583 694 3645; x_wconf 92' lang='lat' dir='ltr'>in</span> <span class='ocrx_word' id='word_1_273' title='bbox 718 3581 829 3646; x_wconf 85' lang='lat' dir='ltr'>vinclis</span> <span class='ocrx_word' id='word_1_274' title='bbox 851 3579 986 3664; x_wconf 90' lang='lat' dir='ltr'>publicis</span> <span class='ocrx_word' id='word_1_275' title='bbox 1009 3578 1204 3657; x_wconf 88' lang='lat' dir='ltr'>decessisset,</span> <span class='ocrx_word' id='word_1_276' title='bbox 1228 3576 1348 3644; x_wconf 79' lang='lat' dir='ltr'>Cimon</span> 
     </span>
     <span class='ocr_line' id='line_1_34' title="bbox 313 3679 1349 3765; baseline -0.005 -14"><span class='ocrx_word' id='word_1_277' title='bbox 313 3686 423 3752; x_wconf 90' lang='lat' dir='ltr'>eadem</span> <span class='ocrx_word' id='word_1_278' title='bbox 453 3685 594 3750; x_wconf 88' lang='lat' dir='ltr'>custodia</span> <span class='ocrx_word' id='word_1_279' title='bbox 622 3687 787 3750; x_wconf 86' lang='lat' dir='ltr'>tenebatur</span> <span class='ocrx_word' id='word_1_280' title='bbox 816 3701 919 3765; x_wconf 89' lang='lat' dir='ltr'>neque</span> <span class='ocrx_word' id='word_1_281' title='bbox 948 3681 1071 3765; x_wconf 86' lang='lat' dir='ltr'>legibus</span> <span class='ocrx_word' id='word_1_282' title='bbox 1099 3679 1349 3746; x_wconf 88' lang='lat' dir='ltr'>Atheniensium</span> 
     </span>
     <span class='ocr_line' id='line_1_35' title="bbox 313 3783 1349 3871; baseline -0.009 -17"><span class='ocrx_word' id='word_1_283' title='bbox 313 3789 413 3854; x_wconf 91' lang='lat' dir='ltr'>emitti</span> <span class='ocrx_word' id='word_1_284' title='bbox 429 3795 559 3871; x_wconf 90' lang='lat' dir='ltr'>poterat,</span> <span class='ocrx_word' id='word_1_285' title='bbox 587 3788 647 3852; x_wconf 93' lang='lat' dir='ltr'>nisi</span> <span class='ocrx_word' id='word_1_286' title='bbox 676 3785 851 3870; x_wconf 89' lang='lat' dir='ltr'>pecuniam,</span> <span class='ocrx_word' id='word_1_287' title='bbox 883 3804 945 3868; x_wconf 92' lang='lat' dir='ltr'>qua</span> <span class='ocrx_word' id='word_1_288' title='bbox 966 3790 1055 3868; x_wconf 89' lang='lat' dir='ltr'>pater</span> <span class='ocrx_word' id='word_1_289' title='bbox 1085 3783 1232 3847; x_wconf 87' lang='lat' dir='ltr'>multatus</span> <span class='ocrx_word' id='word_1_290' title='bbox 1264 3789 1349 3864; x_wconf 89' lang='lat' dir='ltr'>erat,</span> 
     </span>
    </p>
   </div>
   <div class='ocr_carea' id='block_1_7' title="bbox 0 0 1499 4192">
    <p class='ocr_par' dir='ltr' id='par_1_8' title="bbox 0 0 1499 4192">
     <span class='ocr_line' id='line_1_36' title="bbox 0 0 1499 4192; baseline 0 0"><span class='ocrx_word' id='word_1_291' title='bbox 0 0 1499 4192; x_wconf 95' lang='lat' dir='ltr'> </span> 
     </span>
    </p>
   </div>
  </div>
 </body>
</html>
