2934 4192
317 179 614 239 1.M1LT1ADES.8.
650 179 687 236 11.
706 179 989 237 unumsuoonns.
1011 184 1033 236 1.
1185 165 1202 226 t

175 354 385 439 tyrannidem,
414 373 495 438 qnae
521 355 631 440 paucis
651 332 751 420 'annis
773 360 847 419 ante
869 352 982 434 fuerat,
1013 354 1142 418 nimiam
1165 356 1204 418 cl-

174 460 260 524 vium
286 459 527 526 clarissimorum
556 458 730 545 potentiam
761 458 1021 524 extimescebant.
1070 457 1111 522 Et
1139 457 1237 530 Mil-2

174 562 285 645 tiades,
317 564 448 630 multum
477 564 511 628 in
537 563 678 649 imperiis
704 563 937 646 honoribusque
960 567 1112 643 versatus,
1142 581 1205 626 non

150 747 155 754 ²
174 665 339 732 videbatur
357 687 427 734 esse
448 687 542 752 posse
563 667 716 752 privatus,
739 667 924 752 praesertim
947 687 1017 732 curn
1040 671 1153 730 natura
1174 670 1206 730 et

175 769 399 837 consuetudine
412 770 455 836 ad
468 771 593 856 imperii
609 770 814 856 cupiditatem
829 769 911 835 trahi
926 769 1094 836 videretur.
1121 769 1204 834 Nam
1223 793 1238 840 3

174 874 206 939 in
223 874 417 942 Chersoneso
440 875 590 959 quamdiu
612 874 724 956 fuerat,
746 880 931 960 perpetuam
953 873 1132 940 obtinuerat
1154 871 1205 937 do·

173 978 376 1045 minationem
405 986 623 1064 tyrannusque
652 977 755 1045 fuerat
784 979 974 1064 appellatus,
1008 975 1066 1044 sed
1094 977 1203 1043 iustus.

173 1082 246 1147 Non
268 1088 335 1148 erat
357 1084 440 1149 eninr
462 1083 495 1149 vi
516 1088 712 1165 consecutus,
735 1081 932 1148 sedunorum
947 1082 1108 1147 voluntate
1124 1101 1205 1146 earn·

174 1205 235 1269 que
248 1191 435 1271 potestatem
449 1187 591 1253 bonitate
605 1186 770 1252 retinebat.
802 1185 920 1252 Omnes
938 1192 1054 1267 autem,
1078 1185 1131 1267 qui
1153 1203 1205 1268 po·

173 1295 287 1356 testate
309 1297 381 1357 sunt
403 1297 556 1376 perpetua
578 1290 611 1355 in
639 1310 679 1355 ea
705 1290 842 1373 civitate,
870 1310 952 1373 quae
977 1290 1122 1354 libertate
1148 1307 1205 1353 usa

174 1400 231 1475 est,
254 1400 286 1459 et
308 1393 454 1460 dicuntur
476 1401 508 1458 et
530 1394 688 1460 habentur
709 1394 846 1478 tyranni.
889 1394 966 1468 Erat
987 1399 1151 1477 praetcrea
1171 1392 1238 1461 inu

173 1496 312 1563 Miltiade
335 1519 406 1564 cum
428 1518 551 1564 summa
572 1498 752 1564 humanitas
775 1504 807 1564 ιι
827 1497 907 1562 mira
930 1496 1145 1576 communitas,
1171 1500 1209 1560 ut

173 1621 265 1667 nemo
280 1607 345 1666 tam
364 1601 492 1667 humihs
514 1608 607 1684 esset,
631 1602 681 1667 cui
703 1623 767 1668 non
789 1599 832 1666 ad
854 1621 925 1667 eum
946 1600 1051 1666 aditus
1072 1605 1204 1684 pateret,

174 1711 240 1770 tum
255 1726 371 1789 magna
386 1704 471 1790 apud
486 1725 596 1771 omnes
611 1705 755 1771 civitates
769 1704 949 1786 auctoritas,
961 1703 1066 1769 nobile
1078 1722 1204 1783 nomen,

173 1809 241 1875 laus
260 1809 305 1873 rei
320 1809 463 1875 militaris
478 1809 626 1874 maxima.
659 1810 747 1874 Haec
758 1809 895 1894 populus
910 1807 1080 1892 respiciens
1095 1806 1206 1871 maluit

173 1911 260 1977 illum
281 1904 446 1978 innoxium
468 1913 564 1997 plecti
587 1934 681 1997 quam
704 1933 739 1980 sc
760 1912 878 1979 diutius
901 1931 970 1978 esse
991 1913 1025 1976 in
1048 1911 1167 1977 timore.

276 2017 317 2081 ll.
333 2017 586 2106 Thaursroonna
609 2017 720 2083 Neocli
742 2016 835 2100 fihus,
858 2015 1071 2082 Atheniensis.
1103 2015 1205 2081 Huius
1224 2033 1236 2083 1

174 2119 251 2185 vitia
279 2120 417 2186 ineuntis
446 2119 680 2194 adulescentiae
706 2120 831 2204 magnis
856 2125 930 2187 sunt
956 2119 1124 2185 emendata
1146 2119 1206 2185 viri

174 2223 357 2306 virtutibus,
391 2221 471 2290 adeo
501 2231 536 2289 ut
565 2223 759 2289 anteferatur
789 2224 818 2289 ei
848 2244 958 2305 nemo,
991 2224 1085 2309 pauci
1113 2243 1205 2308 pares

173 2333 330 2411 putentur.
362 2325 425 2393 Sed
447 2327 488 2392 ab
510 2327 600 2393 initio
623 2334 670 2393 est
692 2326 886 2392 ordiendum.
920 2329 1016 2392 Pater
1037 2328 1105 2394 eins
1126 2327 1238 2395 Neo-a

174 2432 237 2497 cles
256 2449 429 2515 generosus
451 2429 519 2496 fuit.
553 2431 586 2496 Is
607 2451 738 2496 uxorem
757 2432 957 2496 Acarnanam
980 2430 1082 2496 civem
1104 2429 1204 2513 duxit,

175 2554 215 2598 ex
238 2554 301 2616 qua
327 2539 420 2599 natus
451 2539 499 2599 est
520 2533 756 2600 Themistocles.
803 2533 865 2610 Qui
892 2554 962 2599 cum
989 2534 1093 2601 minus
1123 2540 1206 2600 esset

174 2638 323 2721 probatus
355 2638 553 2722 parentibus,
589 2637 672 2722 quod
701 2643 734 2703 ιι
762 2637 891 2704 liberius
920 2638 1050 2704 vivebat
1079 2644 1110 2703 et
1139 2659 1204 2704 rem

173 2740 360 2807 familiarem
386 2741 586 2826 neglegebat,
613 2763 634 2806 a
659 2748 749 2826 patre
776 2740 986 2808 exheredatus
1013 2747 1069 2807 est.
1116 2741 1238 2818 Quaen

175 2846 362 2910 contumelia
383 2866 447 2911 non
468 2845 564 2930 fregit
588 2865 668 2927 enm,
692 2845 751 2912 sed
773 2846 883 2912 crexit.
929 2847 1012 2912 Nam
1035 2866 1106 2911 cum
1129 2845 1205 2911 iudi-

175 2955 277 3014 casset
301 2948 370 3014 sinc
397 2969 519 3014 summa
545 2949 701 3014 industria
726 2970 791 3016 non
817 2970 911 3035 posse
938 2970 1008 3014 eam
1036 2950 1204 3034 exstingui,

174 3057 274 3116 totum
296 3071 331 3117 se
354 3052 441 3118 dedit
463 3054 509 3118 rei
530 3053 685 3137 pubhcae,
709 3053 891 3139 diligentius
910 3054 1020 3120 amicis
1039 3053 1205 3136 famaeque

175 3155 324 3222 serviens.
360 3156 492 3222 Multum
509 3158 543 3223 in
570 3157 695 3224 iudiciis
716 3160 911 3240 versabatur,
934 3178 1029 3242 saepe
1044 3158 1076 3222 in
1093 3157 1205 3224 contio-

175 3279 248 3324 nem
270 3260 378 3345 populi
401 3261 565 3348 prodibat3
588 3262 675 3327 nulla
693 3283 745 3327 res
765 3263 864 3328 maior
884 3263 953 3328 sine
968 3283 1005 3328 ιο
1020 3262 1205 3349 gerebatur,

175 3361 326 3445 celeriter,
354 3385 435 3447 quae
458 3386 536 3450 opus
559 3373 658 3447 erant,
681 3366 868 3450 reperiebat,
891 3365 985 3431 facile
1007 3364 1119 3431 eadem
1141 3386 1207 3431 ora-

175 3466 461 3552 tioneexplicabat.
493 3470 606 3552 Neque
617 3470 722 3536 minus
733 3470 766 3534 in
778 3471 872 3536 rebus
884 3469 1031 3554 gerendis
1043 3477 1238 3555 promptusl

176 3591 270 3652 quam
292 3571 325 3636 in
349 3573 568 3657 excogitandis
584 3579 660 3656 erat,
684 3573 769 3657 quod
784 3579 816 3639 ιι
837 3573 878 3639 de
893 3573 1093 3656 instantibus,
1114 3581 1148 3638 ut
1162 3575 1206 3639 ait

175 3673 389 3758 Thucydides,
405 3675 568 3742 verissime
583 3676 754 3757 iudicabat,
775 3676 861 3742 etde
877 3677 990 3742 futuris
1006 3677 1207 3743 callidissime

176 3776 359 3844 coniciebat.
392 3778 461 3854 Quo
477 3778 594 3844 factum
610 3786 667 3862 est,
683 3787 718 3845 ut
733 3780 823 3846 brevi
837 3786 978 3862 tempore
992 3780 1204 3845 illustraretur.
