<?xml version="1.0" encoding="UTF-8"?>
<!DOCTYPE html PUBLIC "-//W3C//DTD XHTML 1.0 Transitional//EN"
    "http://www.w3.org/TR/xhtml1/DTD/xhtml1-transitional.dtd">
<html xmlns="http://www.w3.org/1999/xhtml" xml:lang="en" lang="en">
 <head>
  <title>
</title>
<meta http-equiv="Content-Type" content="text/html;charset=utf-8" />
  <meta name='ocr-system' content='tesseract 3.04.00' />
  <meta name='ocr-capabilities' content='ocr_page ocr_carea ocr_par ocr_line ocrx_word'/>
</head>
<body>
  <div class='ocr_page' id='page_1' title='image "./vitae00nepogoog_0072.png"; bbox 0 0 2934 4192; ppageno 0'>
   <div class='ocr_carea' id='block_1_1' title="bbox 302 171 1003 239">
    <p class='ocr_par' dir='ltr' id='par_1_1' title="bbox 302 171 1003 239">
     <span class='ocr_line' id='line_1_1' title="bbox 302 171 1003 239; baseline 0.009 -6"><span class='ocrx_word' id='word_1_1' title='bbox 302 171 343 234; x_wconf 82' lang='grc'>48</span> <span class='ocrx_word' id='word_1_2' title='bbox 632 185 708 238; x_wconf 84' lang='lat' dir='ltr'>XIV.</span> <span class='ocrx_word' id='word_1_3' title='bbox 727 184 917 238; x_wconf 83' lang='lat' dir='ltr'>DATAMES.</span> <span class='ocrx_word' id='word_1_4' title='bbox 937 188 960 238; x_wconf 86' lang='lat'>2.</span> <span class='ocrx_word' id='word_1_5' title='bbox 980 189 1003 239; x_wconf 90' lang='lat'>3.</span> 
     </span>
    </p>
   </div>
   <div class='ocr_carea' id='block_1_2' title="bbox 265 356 1340 1061">
    <p class='ocr_par' dir='ltr' id='par_1_2' title="bbox 265 356 1340 1061">
     <span class='ocr_line' id='line_1_2' title="bbox 266 356 1336 442; baseline -0.002 -15"><span class='ocrx_word' id='word_1_6' title='bbox 266 381 283 427; x_wconf 77' lang='lat' dir='ltr'>a</span> <span class='ocrx_word' id='word_1_7' title='bbox 405 361 482 423; x_wconf 82' lang='lat' dir='ltr'>Erat</span> <span class='ocrx_word' id='word_1_8' title='bbox 516 378 553 423; x_wconf 90' lang='lat' dir='ltr'>eo</span> <span class='ocrx_word' id='word_1_9' title='bbox 587 365 726 441; x_wconf 89' lang='lat' dir='ltr'>tempore</span> <span class='ocrx_word' id='word_1_10' title='bbox 759 356 870 440; x_wconf 80' lang='lat' dir='ltr'>Thuys</span> <span class='ocrx_word' id='word_1_11' title='bbox 904 356 1057 439; x_wconf 82' lang='lat' dir='ltr'>dynastes</span> <span class='ocrx_word' id='word_1_12' title='bbox 1090 358 1336 442; x_wconf 79' lang='lat' dir='ltr'>Paphlagoniae,</span> 
     </span>
     <span class='ocr_line' id='line_1_3' title="bbox 302 459 1337 546; baseline 0.001 -19"><span class='ocrx_word' id='word_1_13' title='bbox 302 463 432 545; x_wconf 91' lang='lat' dir='ltr'>antiquo</span> <span class='ocrx_word' id='word_1_14' title='bbox 454 481 570 546; x_wconf 85' lang='lat' dir='ltr'>genere</span> <span class='ocrx_word' id='word_1_15' title='bbox 598 467 683 526; x_wconf 76' lang='lat' dir='ltr'>emus</span> <span class='ocrx_word' id='word_1_16' title='bbox 710 480 731 523; x_wconf 88' lang='lat' dir='ltr'>a</span> <span class='ocrx_word' id='word_1_17' title='bbox 752 459 945 543; x_wconf 84' lang='lat' dir='ltr'>Pylaemene</span> <span class='ocrx_word' id='word_1_18' title='bbox 971 460 1034 541; x_wconf 92' lang='lat' dir='ltr'>illo,</span> <span class='ocrx_word' id='word_1_19' title='bbox 1067 481 1160 543; x_wconf 89' lang='lat' dir='ltr'>quern</span> <span class='ocrx_word' id='word_1_20' title='bbox 1182 463 1337 528; x_wconf 82' lang='lat' dir='ltr'><strong>Homerus</strong></span> 
     </span>
     <span class='ocr_line' id='line_1_4' title="bbox 265 562 1339 648; baseline -0.002 -14"><span class='ocrx_word' id='word_1_21' title='bbox 265 566 414 634; x_wconf 79' lang='lat' dir='ltr'>alhoico</span> <span class='ocrx_word' id='word_1_22' title='bbox 442 566 524 630; x_wconf 93' lang='lat' dir='ltr'>bello</span> <span class='ocrx_word' id='word_1_23' title='bbox 553 584 574 629; x_wconf 90' lang='lat' dir='ltr'>a</span> <span class='ocrx_word' id='word_1_24' title='bbox 602 563 745 630; x_wconf 86' lang='lat' dir='ltr'>Menelao</span> <span class='ocrx_word' id='word_1_25' title='bbox 775 562 975 628; x_wconf 83' lang='lat' dir='ltr'>interfectum</span> <span class='ocrx_word' id='word_1_26' title='bbox 1001 563 1054 628; x_wconf 88' lang='lat' dir='ltr'>ait.</span> <span class='ocrx_word' id='word_1_27' title='bbox 1100 565 1133 630; x_wconf 93' lang='lat' dir='ltr'>Is</span> <span class='ocrx_word' id='word_1_28' title='bbox 1159 566 1226 648; x_wconf 87' lang='lat' dir='ltr'>regi</span> <span class='ocrx_word' id='word_1_29' title='bbox 1252 565 1339 632; x_wconf 90' lang='lat' dir='ltr'>dicto</span> 
     </span>
     <span class='ocr_line' id='line_1_5' title="bbox 302 666 1339 752; baseline 0.001 -19"><span class='ocrx_word' id='word_1_30' title='bbox 302 668 435 733; x_wconf 89' lang='lat' dir='ltr'>audiens</span> <span class='ocrx_word' id='word_1_31' title='bbox 457 689 520 734; x_wconf 91' lang='lat' dir='ltr'>non</span> <span class='ocrx_word' id='word_1_32' title='bbox 544 674 617 732; x_wconf 88' lang='lat' dir='ltr'>erat.</span> <span class='ocrx_word' id='word_1_33' title='bbox 653 666 755 744; x_wconf 79' lang='lat' dir='ltr'>Quam</span> <span class='ocrx_word' id='word_1_34' title='bbox 779 669 818 733; x_wconf 91' lang='lat' dir='ltr'>ob</span> <span class='ocrx_word' id='word_1_35' title='bbox 843 686 969 732; x_wconf 88' lang='lat' dir='ltr'>causam</span> <span class='ocrx_word' id='word_1_36' title='bbox 992 667 1074 731; x_wconf 89' lang='lat' dir='ltr'>hello</span> <span class='ocrx_word' id='word_1_37' title='bbox 1098 671 1339 752; x_wconf 85' lang='lat' dir='ltr'>cumpersequi</span> 
     </span>
     <span class='ocr_line' id='line_1_6' title="bbox 303 770 1340 855; baseline -0.001 -17"><span class='ocrx_word' id='word_1_38' title='bbox 303 771 463 838; x_wconf 91' lang='lat' dir='ltr'>constituit</span> <span class='ocrx_word' id='word_1_39' title='bbox 474 772 566 853; x_wconf 87' lang='lat' dir='ltr'>eique</span> <span class='ocrx_word' id='word_1_40' title='bbox 577 771 622 835; x_wconf 89' lang='lat' dir='ltr'>rei</span> <span class='ocrx_word' id='word_1_41' title='bbox 633 771 786 854; x_wconf 83' lang='lat' dir='ltr'>praefecit</span> <span class='ocrx_word' id='word_1_42' title='bbox 797 772 974 850; x_wconf 89' lang='lat' dir='ltr'>Datamem,</span> <span class='ocrx_word' id='word_1_43' title='bbox 986 770 1340 855; x_wconf 88' lang='lat' dir='ltr'>propinquumPaphla-</span> 
     </span>
     <span class='ocr_line' id='line_1_7' title="bbox 301 872 1338 960; baseline -0.001 -19"><span class='ocrx_word' id='word_1_44' title='bbox 301 876 407 960; x_wconf 90' lang='lat' dir='ltr'>genis:</span> <span class='ocrx_word' id='word_1_45' title='bbox 432 894 569 956; x_wconf 88' lang='lat' dir='ltr'>namque</span> <span class='ocrx_word' id='word_1_46' title='bbox 592 895 633 939; x_wconf 85' lang='lat' dir='ltr'>cx</span> <span class='ocrx_word' id='word_1_47' title='bbox 655 874 752 938; x_wconf 80' lang='lat' dir='ltr'>fratre</span> <span class='ocrx_word' id='word_1_48' title='bbox 774 880 806 937; x_wconf 92' lang='lat' dir='ltr'>et</span> <span class='ocrx_word' id='word_1_49' title='bbox 828 893 932 938; x_wconf 86' lang='lat' dir='ltr'>sorore</span> <span class='ocrx_word' id='word_1_50' title='bbox 955 879 1044 937; x_wconf 89' lang='lat' dir='ltr'>erant</span> <span class='ocrx_word' id='word_1_51' title='bbox 1066 874 1142 937; x_wconf 90' lang='lat' dir='ltr'>nati.</span> <span class='ocrx_word' id='word_1_52' title='bbox 1173 872 1276 950; x_wconf 83' lang='lat' dir='ltr'>Quam</span> <span class='ocrx_word' id='word_1_53' title='bbox 1297 877 1338 940; x_wconf 94' lang='lat' dir='ltr'>ob</span> 
     </span>
     <span class='ocr_line' id='line_1_8' title="bbox 303 976 1340 1061; baseline -0.001 -17"><span class='ocrx_word' id='word_1_54' title='bbox 303 1000 429 1045; x_wconf 89' lang='lat' dir='ltr'>causam</span> <span class='ocrx_word' id='word_1_55' title='bbox 459 979 610 1042; x_wconf 83' lang='lat' dir='ltr'>Datames</span> <span class='ocrx_word' id='word_1_56' title='bbox 640 977 740 1061; x_wconf 91' lang='lat' dir='ltr'>primo</span> <span class='ocrx_word' id='word_1_57' title='bbox 771 976 907 1059; x_wconf 81' lang='lat' dir='ltr'>experiri</span> <span class='ocrx_word' id='word_1_58' title='bbox 941 976 1053 1058; x_wconf 90' lang='lat' dir='ltr'>voluit,</span> <span class='ocrx_word' id='word_1_59' title='bbox 1087 983 1235 1061; x_wconf 84' lang='lat' dir='ltr'>possetne</span> <span class='ocrx_word' id='word_1_60' title='bbox 1268 979 1340 1044; x_wconf 87' lang='lat' dir='ltr'>sine</span> 
     </span>
    </p>
   </div>
   <div class='ocr_carea' id='block_1_3' title="bbox 302 1079 1443 1165">
    <p class='ocr_par' dir='ltr' id='par_1_3' title="bbox 302 1079 1443 1165">
     <span class='ocr_line' id='line_1_9' title="bbox 302 1079 1443 1165; baseline -0.001 -18"><span class='ocrx_word' id='word_1_61' title='bbox 302 1083 397 1147; x_wconf 91' lang='lat' dir='ltr'>armis</span> <span class='ocrx_word' id='word_1_62' title='bbox 420 1082 629 1165; x_wconf 91' lang='lat' dir='ltr'>propinquum</span> <span class='ocrx_word' id='word_1_63' title='bbox 651 1079 693 1144; x_wconf 91' lang='lat' dir='ltr'>ad</span> <span class='ocrx_word' id='word_1_64' title='bbox 716 1079 854 1144; x_wconf 85' lang='lat' dir='ltr'>officium</span> <span class='ocrx_word' id='word_1_65' title='bbox 877 1079 1036 1144; x_wconf 83' lang='lat' dir='ltr'>reducere.</span> <span class='ocrx_word' id='word_1_66' title='bbox 1075 1079 1127 1143; x_wconf 84' lang='lat' dir='ltr'>Ad</span> <span class='ocrx_word' id='word_1_67' title='bbox 1149 1101 1242 1162; x_wconf 90' lang='lat' dir='ltr'>quem</span> <span class='ocrx_word' id='word_1_68' title='bbox 1265 1101 1339 1146; x_wconf 89' lang='lat' dir='ltr'>cum</span> <span class='ocrx_word' id='word_1_69' title='bbox 1442 1137 1443 1152; x_wconf 68' lang='grc'>,</span> 
     </span>
    </p>
   </div>
   <div class='ocr_carea' id='block_1_4' title="bbox 267 1183 1339 1474">
    <p class='ocr_par' dir='ltr' id='par_1_4' title="bbox 267 1183 1339 1474">
     <span class='ocr_line' id='line_1_10' title="bbox 303 1183 1339 1268; baseline -0.002 -18"><span class='ocrx_word' id='word_1_70' title='bbox 303 1185 442 1250; x_wconf 90' lang='lat' dir='ltr'>venisset</span> <span class='ocrx_word' id='word_1_71' title='bbox 474 1184 543 1249; x_wconf 92' lang='lat' dir='ltr'>sine</span> <span class='ocrx_word' id='word_1_72' title='bbox 565 1183 721 1268; x_wconf 88' lang='lat' dir='ltr'>praesidio</span> <span class='ocrx_word' id='word_1_73' title='bbox 751 1202 854 1265; x_wconf 88' lang='lat' dir='ltr'>neque</span> <span class='ocrx_word' id='word_1_74' title='bbox 877 1183 917 1247; x_wconf 90' lang='lat' dir='ltr'>ab</span> <span class='ocrx_word' id='word_1_75' title='bbox 949 1184 1050 1247; x_wconf 91' lang='lat' dir='ltr'>amico</span> <span class='ocrx_word' id='word_1_76' title='bbox 1073 1183 1153 1247; x_wconf 90' lang='lat' dir='ltr'>ullas</span> <span class='ocrx_word' id='word_1_77' title='bbox 1176 1192 1339 1250; x_wconf 81' lang='lat' dir='ltr'>vereretur</span> 
     </span>
     <span class='ocr_line' id='line_1_11' title="bbox 267 1285 1339 1370; baseline 0.001 -19"><span class='ocrx_word' id='word_1_78' title='bbox 267 1286 444 1365; x_wconf 86' lang='lat' dir='ltr'>4insidias,</span> <span class='ocrx_word' id='word_1_79' title='bbox 465 1297 577 1370; x_wconf 86' lang='lat' dir='ltr'>&#39;paene</span> <span class='ocrx_word' id='word_1_80' title='bbox 603 1286 731 1350; x_wconf 87' lang='lat' dir='ltr'>interiit.</span> <span class='ocrx_word' id='word_1_81' title='bbox 776 1286 859 1349; x_wconf 88' lang='lat' dir='ltr'>Nam</span> <span class='ocrx_word' id='word_1_82' title='bbox 881 1285 992 1368; x_wconf 82' lang='lat' dir='ltr'><strong>Thuys</strong></span> <span class='ocrx_word' id='word_1_83' title='bbox 1021 1305 1092 1350; x_wconf 89' lang='lat' dir='ltr'>eum</span> <span class='ocrx_word' id='word_1_84' title='bbox 1119 1286 1200 1350; x_wconf 89' lang='lat' dir='ltr'>clam</span> <span class='ocrx_word' id='word_1_85' title='bbox 1222 1287 1339 1352; x_wconf 89' lang='lat' dir='ltr'>interfi-</span> 
     </span>
     <span class='ocr_line' id='line_1_12' title="bbox 305 1389 1336 1474; baseline -0.001 -19"><span class='ocrx_word' id='word_1_86' title='bbox 305 1411 374 1456; x_wconf 88' lang='lat' dir='ltr'>cere</span> <span class='ocrx_word' id='word_1_87' title='bbox 390 1391 495 1455; x_wconf 92' lang='lat' dir='ltr'>voluit.</span> <span class='ocrx_word' id='word_1_88' title='bbox 534 1391 610 1453; x_wconf 86' lang='lat' dir='ltr'>Erat</span> <span class='ocrx_word' id='word_1_89' title='bbox 630 1395 730 1453; x_wconf 91' lang='lat' dir='ltr'>mater</span> <span class='ocrx_word' id='word_1_90' title='bbox 746 1409 816 1453; x_wconf 92' lang='lat' dir='ltr'>cum</span> <span class='ocrx_word' id='word_1_91' title='bbox 831 1390 977 1469; x_wconf 86' lang='lat' dir='ltr'>Datame,</span> <span class='ocrx_word' id='word_1_92' title='bbox 1000 1389 1098 1452; x_wconf 88' lang='lat' dir='ltr'>amita</span> <span class='ocrx_word' id='word_1_93' title='bbox 1112 1389 1336 1474; x_wconf 89' lang='lat' dir='ltr'>Paphlagonis.</span> 
     </span>
    </p>
   </div>
   <div class='ocr_carea' id='block_1_5' title="bbox 269 1491 1444 1577">
    <p class='ocr_par' dir='ltr' id='par_1_5' title="bbox 269 1491 1444 1577">
     <span class='ocr_line' id='line_1_13' title="bbox 269 1491 1444 1577; baseline 0 -19"><span class='ocrx_word' id='word_1_94' title='bbox 269 1495 360 1575; x_wconf 72' lang='lat' dir='ltr'>clla,</span> <span class='ocrx_word' id='word_1_95' title='bbox 392 1492 467 1575; x_wconf 92' lang='lat' dir='ltr'>quid</span> <span class='ocrx_word' id='word_1_96' title='bbox 493 1499 649 1576; x_wconf 87' lang='lat' dir='ltr'>ageretur,</span> <span class='ocrx_word' id='word_1_97' title='bbox 679 1491 785 1556; x_wconf 91' lang='lat' dir='ltr'>resciit</span> <span class='ocrx_word' id='word_1_98' title='bbox 811 1491 972 1574; x_wconf 90' lang='lat' dir='ltr'>filiumque</span> <span class='ocrx_word' id='word_1_99' title='bbox 1004 1491 1132 1556; x_wconf 91' lang='lat' dir='ltr'>monuit.</span> <span class='ocrx_word' id='word_1_100' title='bbox 1176 1492 1233 1557; x_wconf 91' lang='lat' dir='ltr'>Ille</span> <span class='ocrx_word' id='word_1_101' title='bbox 1260 1494 1339 1577; x_wconf 81' lang='lat' dir='ltr'>suga</span> <span class='ocrx_word' id='word_1_102' title='bbox 1443 1529 1444 1536; x_wconf 22' lang='grc' dir='ltr'><strong>κ</strong></span> 
     </span>
    </p>
   </div>
   <div class='ocr_carea' id='block_1_6' title="bbox 304 1595 1337 1782">
    <p class='ocr_par' dir='ltr' id='par_1_6' title="bbox 304 1595 1337 1782">
     <span class='ocr_line' id='line_1_14' title="bbox 304 1595 1337 1681; baseline 0.001 -20"><span class='ocrx_word' id='word_1_103' title='bbox 304 1597 476 1681; x_wconf 91' lang='lat' dir='ltr'>periculum</span> <span class='ocrx_word' id='word_1_104' title='bbox 507 1595 638 1660; x_wconf 89' lang='lat' dir='ltr'>evitavit</span> <span class='ocrx_word' id='word_1_105' title='bbox 667 1595 846 1678; x_wconf 89' lang='lat' dir='ltr'>bellumque</span> <span class='ocrx_word' id='word_1_106' title='bbox 876 1595 992 1659; x_wconf 81' lang='lat' dir='ltr'>indixit</span> <span class='ocrx_word' id='word_1_107' title='bbox 1021 1595 1158 1678; x_wconf 85' lang='lat' dir='ltr'>Thuyni.</span> <span class='ocrx_word' id='word_1_108' title='bbox 1205 1597 1243 1661; x_wconf 93' lang='lat' dir='ltr'>In</span> <span class='ocrx_word' id='word_1_109' title='bbox 1276 1617 1337 1679; x_wconf 91' lang='lat' dir='ltr'>quo</span> 
     </span>
     <span class='ocr_line' id='line_1_15' title="bbox 304 1698 1336 1782; baseline 0 -17"><span class='ocrx_word' id='word_1_110' title='bbox 304 1721 375 1765; x_wconf 90' lang='lat' dir='ltr'>cum</span> <span class='ocrx_word' id='word_1_111' title='bbox 397 1702 436 1766; x_wconf 89' lang='lat' dir='ltr'>ab</span> <span class='ocrx_word' id='word_1_112' title='bbox 460 1700 681 1780; x_wconf 82' lang='lat' dir='ltr'>Ariobarzane,</span> <span class='ocrx_word' id='word_1_113' title='bbox 706 1698 865 1782; x_wconf 88' lang='lat' dir='ltr'>praefecto</span> <span class='ocrx_word' id='word_1_114' title='bbox 888 1698 1057 1782; x_wconf 84' lang='lat' dir='ltr'>Phrygiae,</span> <span class='ocrx_word' id='word_1_115' title='bbox 1081 1698 1223 1764; x_wconf 86' lang='lat' dir='ltr'>desertus</span> <span class='ocrx_word' id='word_1_116' title='bbox 1244 1707 1336 1781; x_wconf 89' lang='lat' dir='ltr'>esset,</span> 
     </span>
    </p>
   </div>
   <div class='ocr_carea' id='block_1_7' title="bbox 303 1802 1445 1887">
    <p class='ocr_par' dir='ltr' id='par_1_7' title="bbox 303 1802 1445 1887">
     <span class='ocr_line' id='line_1_16' title="bbox 303 1802 1445 1887; baseline -0.001 -19"><span class='ocrx_word' id='word_1_117' title='bbox 303 1804 400 1868; x_wconf 94' lang='lat' dir='ltr'>nihilo</span> <span class='ocrx_word' id='word_1_118' title='bbox 431 1804 528 1868; x_wconf 87' lang='lat' dir='ltr'>setius</span> <span class='ocrx_word' id='word_1_119' title='bbox 558 1803 772 1886; x_wconf 84' lang='lat' dir='ltr'>perseverarit</span> <span class='ocrx_word' id='word_1_120' title='bbox 802 1803 974 1885; x_wconf 85' lang='lat' dir='ltr'>vivumque</span> <span class='ocrx_word' id='word_1_121' title='bbox 1000 1802 1126 1885; x_wconf 86' lang='lat' dir='ltr'>Thuym</span> <span class='ocrx_word' id='word_1_122' title='bbox 1156 1804 1239 1887; x_wconf 89' lang='lat' dir='ltr'>cepit</span> <span class='ocrx_word' id='word_1_123' title='bbox 1266 1825 1338 1868; x_wconf 90' lang='lat' dir='ltr'>cum</span> <span class='ocrx_word' id='word_1_124' title='bbox 1444 1857 1445 1874; x_wconf 69' lang='lat'>,</span> 
     </span>
    </p>
   </div>
   <div class='ocr_carea' id='block_1_8' title="bbox 227 1905 1341 2403">
    <p class='ocr_par' dir='ltr' id='par_1_8' title="bbox 227 1905 1341 2403">
     <span class='ocr_line' id='line_1_17' title="bbox 265 1905 1337 1990; baseline -0.007 -13"><span class='ocrx_word' id='word_1_125' title='bbox 265 1923 402 1977; x_wconf 83' lang='lat' dir='ltr'>3uxore</span> <span class='ocrx_word' id='word_1_126' title='bbox 430 1914 461 1972; x_wconf 90' lang='lat' dir='ltr'>et</span> <span class='ocrx_word' id='word_1_127' title='bbox 488 1906 603 1971; x_wconf 88' lang='lat' dir='ltr'>liberis.</span> <span class='ocrx_word' id='word_1_128' title='bbox 651 1906 746 1971; x_wconf 82' lang='lat' dir='ltr'>Cuius</span> <span class='ocrx_word' id='word_1_129' title='bbox 774 1906 850 1969; x_wconf 85' lang='lat' dir='ltr'>facti</span> <span class='ocrx_word' id='word_1_130' title='bbox 877 1926 918 1970; x_wconf 89' lang='lat' dir='ltr'>ne</span> <span class='ocrx_word' id='word_1_131' title='bbox 945 1907 1031 1990; x_wconf 91' lang='lat' dir='ltr'>prius</span> <span class='ocrx_word' id='word_1_132' title='bbox 1057 1905 1143 1970; x_wconf 86' lang='lat' dir='ltr'>fama</span> <span class='ocrx_word' id='word_1_133' title='bbox 1164 1906 1207 1969; x_wconf 90' lang='lat' dir='ltr'>ad</span> <span class='ocrx_word' id='word_1_134' title='bbox 1228 1927 1337 1990; x_wconf 87' lang='lat' dir='ltr'>regem</span> 
     </span>
     <span class='ocr_line' id='line_1_18' title="bbox 305 2008 1339 2094; baseline 0.002 -21"><span class='ocrx_word' id='word_1_135' title='bbox 305 2031 398 2093; x_wconf 90' lang='lat' dir='ltr'>quam</span> <span class='ocrx_word' id='word_1_136' title='bbox 428 2010 496 2094; x_wconf 89' lang='lat' dir='ltr'>ipse</span> <span class='ocrx_word' id='word_1_137' title='bbox 525 2009 714 2093; x_wconf 88' lang='lat' dir='ltr'>perveniret,</span> <span class='ocrx_word' id='word_1_138' title='bbox 749 2008 836 2073; x_wconf 89' lang='lat' dir='ltr'>dedit</span> <span class='ocrx_word' id='word_1_139' title='bbox 853 2029 1001 2093; x_wconf 89' lang='lat' dir='ltr'>operam.</span> <span class='ocrx_word' id='word_1_140' title='bbox 1052 2009 1163 2091; x_wconf 89' lang='lat' dir='ltr'>Itaque</span> <span class='ocrx_word' id='word_1_141' title='bbox 1192 2011 1339 2076; x_wconf 91' lang='lat' dir='ltr'>omnibus</span> 
     </span>
     <span class='ocr_line' id='line_1_19' title="bbox 304 2111 1338 2197; baseline 0.001 -20"><span class='ocrx_word' id='word_1_142' title='bbox 304 2114 411 2178; x_wconf 90' lang='lat' dir='ltr'>insciis</span> <span class='ocrx_word' id='word_1_143' title='bbox 439 2133 485 2193; x_wconf 89' lang='lat' dir='ltr'>eo,</span> <span class='ocrx_word' id='word_1_144' title='bbox 516 2113 570 2176; x_wconf 93' lang='lat' dir='ltr'>ubi</span> <span class='ocrx_word' id='word_1_145' title='bbox 601 2119 667 2176; x_wconf 88' lang='lat' dir='ltr'>erat</span> <span class='ocrx_word' id='word_1_146' title='bbox 694 2132 761 2192; x_wconf 77' lang='lat' dir='ltr'>rer,</span> <span class='ocrx_word' id='word_1_147' title='bbox 792 2112 880 2176; x_wconf 84' lang='lat' dir='ltr'>venit</span> <span class='ocrx_word' id='word_1_148' title='bbox 906 2119 1094 2195; x_wconf 87' lang='lat' dir='ltr'>posteroque</span> <span class='ocrx_word' id='word_1_149' title='bbox 1121 2111 1173 2176; x_wconf 93' lang='lat' dir='ltr'>die</span> <span class='ocrx_word' id='word_1_150' title='bbox 1199 2112 1338 2197; x_wconf 85' lang='lat' dir='ltr'>Thuym,</span> 
     </span>
     <span class='ocr_line' id='line_1_20' title="bbox 227 2214 1340 2298; baseline 0.003 -19"><span class='ocrx_word' id='word_1_151' title='bbox 227 2268 230 2272; x_wconf 95' lang='lat'>.</span> <span class='ocrx_word' id='word_1_152' title='bbox 305 2215 463 2281; x_wconf 91' lang='lat' dir='ltr'>hominem</span> <span class='ocrx_word' id='word_1_153' title='bbox 496 2214 626 2278; x_wconf 85' lang='lat' dir='ltr'>maximi</span> <span class='ocrx_word' id='word_1_154' title='bbox 660 2215 796 2298; x_wconf 86' lang='lat' dir='ltr'>corporis</span> <span class='ocrx_word' id='word_1_155' title='bbox 829 2215 1024 2298; x_wconf 85' lang='lat' dir='ltr'>terribilique</span> <span class='ocrx_word' id='word_1_156' title='bbox 1056 2215 1153 2296; x_wconf 86' lang='lat' dir='ltr'>facie,</span> <span class='ocrx_word' id='word_1_157' title='bbox 1188 2215 1272 2298; x_wconf 95' lang='lat' dir='ltr'>quod</span> <span class='ocrx_word' id='word_1_158' title='bbox 1305 2225 1340 2282; x_wconf 88' lang='lat' dir='ltr'>et</span> 
     </span>
     <span class='ocr_line' id='line_1_21' title="bbox 304 2318 1341 2403; baseline 0.002 -21"><span class='ocrx_word' id='word_1_159' title='bbox 304 2318 394 2402; x_wconf 90' lang='lat' dir='ltr'>niger</span> <span class='ocrx_word' id='word_1_160' title='bbox 418 2324 449 2382; x_wconf 91' lang='lat' dir='ltr'>et</span> <span class='ocrx_word' id='word_1_161' title='bbox 476 2318 587 2400; x_wconf 81' lang='lat' dir='ltr'>capillo</span> <span class='ocrx_word' id='word_1_162' title='bbox 614 2319 707 2400; x_wconf 88' lang='lat' dir='ltr'>longo</span> <span class='ocrx_word' id='word_1_163' title='bbox 735 2318 896 2400; x_wconf 88' lang='lat' dir='ltr'>barbaque</span> <span class='ocrx_word' id='word_1_164' title='bbox 927 2325 994 2382; x_wconf 88' lang='lat' dir='ltr'>erat</span> <span class='ocrx_word' id='word_1_165' title='bbox 1024 2319 1188 2403; x_wconf 88' lang='lat' dir='ltr'>promissa,</span> <span class='ocrx_word' id='word_1_166' title='bbox 1218 2319 1341 2403; x_wconf 90' lang='lat' dir='ltr'>optima</span> 
     </span>
    </p>
   </div>
   <div class='ocr_carea' id='block_1_9' title="bbox 303 2421 1446 2504">
    <p class='ocr_par' dir='ltr' id='par_1_9' title="bbox 303 2421 1446 2504">
     <span class='ocr_line' id='line_1_22' title="bbox 303 2421 1446 2504; baseline 0 -18"><span class='ocrx_word' id='word_1_167' title='bbox 303 2427 392 2486; x_wconf 89' lang='lat' dir='ltr'>veste</span> <span class='ocrx_word' id='word_1_168' title='bbox 415 2421 504 2500; x_wconf 83' lang='lat' dir='ltr'>texit,</span> <span class='ocrx_word' id='word_1_169' title='bbox 528 2441 622 2502; x_wconf 89' lang='lat' dir='ltr'>quam</span> <span class='ocrx_word' id='word_1_170' title='bbox 642 2427 787 2503; x_wconf 83' lang='lat' dir='ltr'>satrapae</span> <span class='ocrx_word' id='word_1_171' title='bbox 807 2421 885 2504; x_wconf 90' lang='lat' dir='ltr'>regii</span> <span class='ocrx_word' id='word_1_172' title='bbox 899 2440 1009 2504; x_wconf 88' lang='lat' dir='ltr'>gerare</span> <span class='ocrx_word' id='word_1_173' title='bbox 1029 2429 1225 2503; x_wconf 87' lang='lat' dir='ltr'>consuerant,</span> <span class='ocrx_word' id='word_1_174' title='bbox 1249 2443 1340 2486; x_wconf 91' lang='lat' dir='ltr'>orna·</span> <span class='ocrx_word' id='word_1_175' title='bbox 1445 2481 1446 2494; x_wconf 69' lang='grc'>,</span> 
     </span>
    </p>
   </div>
   <div class='ocr_carea' id='block_1_10' title="bbox 304 2524 1339 2609">
    <p class='ocr_par' dir='ltr' id='par_1_10' title="bbox 304 2505 1446 2609">
     <span class='ocr_line' id='line_1_23' title="bbox 304 2524 1339 2609; baseline 0.002 -21"><span class='ocrx_word' id='word_1_176' title='bbox 304 2525 350 2590; x_wconf 91' lang='lat' dir='ltr'>vit</span> <span class='ocrx_word' id='word_1_177' title='bbox 377 2524 472 2589; x_wconf 89' lang='lat' dir='ltr'>etiam</span> <span class='ocrx_word' id='word_1_178' title='bbox 500 2529 610 2606; x_wconf 89' lang='lat' dir='ltr'>torque</span> <span class='ocrx_word' id='word_1_179' title='bbox 639 2529 734 2604; x_wconf 88' lang='lat' dir='ltr'>atque</span> <span class='ocrx_word' id='word_1_180' title='bbox 764 2524 892 2588; x_wconf 83' lang='lat' dir='ltr'>armillis</span> <span class='ocrx_word' id='word_1_181' title='bbox 922 2524 1025 2590; x_wconf 90' lang='lat' dir='ltr'>aureis</span> <span class='ocrx_word' id='word_1_182' title='bbox 1055 2531 1221 2606; x_wconf 88' lang='lat' dir='ltr'>ceteroque</span> <span class='ocrx_word' id='word_1_183' title='bbox 1250 2526 1339 2609; x_wconf 88' lang='lat' dir='ltr'>regio</span> 
     </span>
    </p>
   </div>
   <div class='ocr_carea' id='block_1_11' title="bbox 267 2625 1446 2710">
    <p class='ocr_par' dir='ltr' id='par_1_11' title="bbox 267 2625 1446 2710">
     <span class='ocr_line' id='line_1_24' title="bbox 267 2625 1446 2710; baseline 0.001 -19"><span class='ocrx_word' id='word_1_184' title='bbox 267 2628 398 2708; x_wconf 81' lang='lat' dir='ltr'>acultn,</span> <span class='ocrx_word' id='word_1_185' title='bbox 428 2628 497 2710; x_wconf 90' lang='lat' dir='ltr'>ipse</span> <span class='ocrx_word' id='word_1_186' title='bbox 523 2626 640 2709; x_wconf 82' lang='lat' dir='ltr'>agresti</span> <span class='ocrx_word' id='word_1_187' title='bbox 663 2625 780 2708; x_wconf 85' lang='lat' dir='ltr'>duplici</span> <span class='ocrx_word' id='word_1_188' title='bbox 803 2626 936 2690; x_wconf 90' lang='lat' dir='ltr'>amiculo</span> <span class='ocrx_word' id='word_1_189' title='bbox 960 2626 1169 2691; x_wconf 89' lang='lat' dir='ltr'>circumdatus</span> <span class='ocrx_word' id='word_1_190' title='bbox 1192 2627 1338 2710; x_wconf 91' lang='lat' dir='ltr'>hirtaque</span> <span class='ocrx_word' id='word_1_191' title='bbox 1445 2655 1446 2700; x_wconf 58' lang='grc' dir='ltr'><strong>ς</strong></span> 
     </span>
    </p>
   </div>
   <div class='ocr_carea' id='block_1_12' title="bbox 303 2728 1338 3018">
    <p class='ocr_par' dir='ltr' id='par_1_12' title="bbox 303 2728 1338 3018">
     <span class='ocr_line' id='line_1_25' title="bbox 303 2728 1338 2813; baseline 0.002 -20"><span class='ocrx_word' id='word_1_192' title='bbox 303 2730 419 2810; x_wconf 89' lang='lat' dir='ltr'>tunica,</span> <span class='ocrx_word' id='word_1_193' title='bbox 442 2749 555 2812; x_wconf 88' lang='lat' dir='ltr'>gerens</span> <span class='ocrx_word' id='word_1_194' title='bbox 575 2730 607 2793; x_wconf 92' lang='lat' dir='ltr'>in</span> <span class='ocrx_word' id='word_1_195' title='bbox 624 2730 725 2813; x_wconf 88' lang='lat' dir='ltr'>capite</span> <span class='ocrx_word' id='word_1_196' title='bbox 740 2729 865 2811; x_wconf 88' lang='lat' dir='ltr'>galeam</span> <span class='ocrx_word' id='word_1_197' title='bbox 880 2730 1085 2810; x_wconf 85' lang='lat' dir='ltr'>venatoriam,</span> <span class='ocrx_word' id='word_1_198' title='bbox 1108 2728 1222 2794; x_wconf 86' lang='lat' dir='ltr'>dextra</span> <span class='ocrx_word' id='word_1_199' title='bbox 1241 2751 1338 2795; x_wconf 89' lang='lat' dir='ltr'>manu</span> 
     </span>
     <span class='ocr_line' id='line_1_26' title="bbox 305 2831 1337 2917; baseline 0.003 -22"><span class='ocrx_word' id='word_1_200' title='bbox 305 2831 437 2911; x_wconf 88' lang='lat' dir='ltr'>clavam,</span> <span class='ocrx_word' id='word_1_201' title='bbox 467 2832 593 2896; x_wconf 87' lang='lat' dir='ltr'>sinistra</span> <span class='ocrx_word' id='word_1_202' title='bbox 623 2833 776 2916; x_wconf 88' lang='lat' dir='ltr'>copulam,</span> <span class='ocrx_word' id='word_1_203' title='bbox 807 2833 852 2895; x_wconf 93' lang='lat' dir='ltr'>ita</span> <span class='ocrx_word' id='word_1_204' title='bbox 881 2833 1022 2896; x_wconf 90' lang='lat' dir='ltr'>vinctum</span> <span class='ocrx_word' id='word_1_205' title='bbox 1052 2838 1126 2896; x_wconf 89' lang='lat' dir='ltr'>ante</span> <span class='ocrx_word' id='word_1_206' title='bbox 1154 2852 1188 2898; x_wconf 91' lang='lat' dir='ltr'>se</span> <span class='ocrx_word' id='word_1_207' title='bbox 1209 2833 1337 2917; x_wconf 83' lang='lat' dir='ltr'>Thuym</span> 
     </span>
     <span class='ocr_line' id='line_1_27' title="bbox 304 2934 1335 3018; baseline 0.002 -19"><span class='ocrx_word' id='word_1_208' title='bbox 304 2955 410 3018; x_wconf 88' lang='lat' dir='ltr'>regem</span> <span class='ocrx_word' id='word_1_209' title='bbox 444 2935 568 3016; x_wconf 87' lang='lat' dir='ltr'>agebat,</span> <span class='ocrx_word' id='word_1_210' title='bbox 606 2941 640 2998; x_wconf 92' lang='lat' dir='ltr'>nt</span> <span class='ocrx_word' id='word_1_211' title='bbox 673 2936 700 2999; x_wconf 90' lang='lat' dir='ltr'>si</span> <span class='ocrx_word' id='word_1_212' title='bbox 737 2934 837 2999; x_wconf 84' lang='lat' dir='ltr'>feram</span> <span class='ocrx_word' id='word_1_213' title='bbox 873 2936 1007 3000; x_wconf 88' lang='lat' dir='ltr'>bestiam</span> <span class='ocrx_word' id='word_1_214' title='bbox 1042 2942 1165 3018; x_wconf 90' lang='lat' dir='ltr'>captam</span> <span class='ocrx_word' id='word_1_215' title='bbox 1199 2935 1335 3001; x_wconf 90' lang='lat' dir='ltr'>duceret.</span> 
     </span>
    </p>
   </div>
   <div class='ocr_carea' id='block_1_13' title="bbox 267 3038 1446 3130">
    <p class='ocr_par' dir='ltr' id='par_1_13' title="bbox 267 3038 1446 3130">
     <span class='ocr_line' id='line_1_28' title="bbox 267 3038 1446 3130; baseline 0.001 -28"><span class='ocrx_word' id='word_1_216' title='bbox 267 3063 286 3110; x_wconf 84' lang='lat'>3</span> <span class='ocrx_word' id='word_1_217' title='bbox 305 3038 406 3114; x_wconf 76' lang='lat' dir='ltr'>Quem</span> <span class='ocrx_word' id='word_1_218' title='bbox 434 3057 504 3100; x_wconf 88' lang='lat' dir='ltr'>cunr</span> <span class='ocrx_word' id='word_1_219' title='bbox 532 3057 640 3102; x_wconf 89' lang='lat' dir='ltr'>omnes</span> <span class='ocrx_word' id='word_1_220' title='bbox 667 3038 885 3121; x_wconf 82' lang='lat' dir='ltr'>conspicerent</span> <span class='ocrx_word' id='word_1_221' title='bbox 907 3044 1034 3122; x_wconf 90' lang='lat' dir='ltr'>propter</span> <span class='ocrx_word' id='word_1_222' title='bbox 1056 3039 1228 3104; x_wconf 85' lang='lat' dir='ltr'>novitatem</span> <span class='ocrx_word' id='word_1_223' title='bbox 1250 3060 1337 3104; x_wconf 88' lang='lat' dir='ltr'>orna·</span> <span class='ocrx_word' id='word_1_224' title='bbox 1445 3127 1446 3130; x_wconf 8' lang='grc' dir='ltr'><strong>Ἴ</strong></span> 
     </span>
    </p>
   </div>
   <div class='ocr_carea' id='block_1_14' title="bbox 267 3141 1338 3846">
    <p class='ocr_par' dir='ltr' id='par_1_14' title="bbox 267 3141 1338 3846">
     <span class='ocr_line' id='line_1_29' title="bbox 305 3141 1337 3225; baseline 0.002 -20"><span class='ocrx_word' id='word_1_225' title='bbox 305 3148 355 3205; x_wconf 92' lang='lat' dir='ltr'>tus</span> <span class='ocrx_word' id='word_1_226' title='bbox 384 3141 586 3223; x_wconf 89' lang='lat' dir='ltr'>ignotamque</span> <span class='ocrx_word' id='word_1_227' title='bbox 615 3141 748 3205; x_wconf 86' lang='lat' dir='ltr'>formam</span> <span class='ocrx_word' id='word_1_228' title='bbox 778 3142 817 3205; x_wconf 94' lang='lat' dir='ltr'>ob</span> <span class='ocrx_word' id='word_1_229' title='bbox 846 3161 978 3223; x_wconf 85' lang='lat' dir='ltr'>eamque</span> <span class='ocrx_word' id='word_1_230' title='bbox 1005 3161 1071 3206; x_wconf 89' lang='lat' dir='ltr'>rem</span> <span class='ocrx_word' id='word_1_231' title='bbox 1098 3163 1232 3225; x_wconf 87' lang='lat' dir='ltr'>magnus</span> <span class='ocrx_word' id='word_1_232' title='bbox 1255 3151 1337 3207; x_wconf 90' lang='lat' dir='ltr'>esset</span> 
     </span>
     <span class='ocr_line' id='line_1_30' title="bbox 305 3243 1336 3332; baseline 0.001 -23"><span class='ocrx_word' id='word_1_233' title='bbox 305 3262 482 3322; x_wconf 86' lang='lat' dir='ltr'>concursus,</span> <span class='ocrx_word' id='word_1_234' title='bbox 505 3243 565 3306; x_wconf 85' lang='lat' dir='ltr'>fuit</span> <span class='ocrx_word' id='word_1_235' title='bbox 587 3263 753 3324; x_wconf 91' lang='lat' dir='ltr'>nonnemo,</span> <span class='ocrx_word' id='word_1_236' title='bbox 777 3244 829 3325; x_wconf 93' lang='lat' dir='ltr'>qui</span> <span class='ocrx_word' id='word_1_237' title='bbox 852 3252 1037 3327; x_wconf 86' lang='lat' dir='ltr'>agnosceret</span> <span class='ocrx_word' id='word_1_238' title='bbox 1058 3245 1185 3328; x_wconf 85' lang='lat' dir='ltr'>Thuym</span> <span class='ocrx_word' id='word_1_239' title='bbox 1200 3247 1336 3332; x_wconf 90' lang='lat' dir='ltr'>regique</span> 
     </span>
     <span class='ocr_line' id='line_1_31' title="bbox 305 3345 1335 3429; baseline 0.002 -18"><span class='ocrx_word' id='word_1_240' title='bbox 305 3346 489 3412; x_wconf 91' lang='lat' dir='ltr'>enuntiaret.</span> <span class='ocrx_word' id='word_1_241' title='bbox 535 3345 638 3410; x_wconf 89' lang='lat' dir='ltr'>Primo</span> <span class='ocrx_word' id='word_1_242' title='bbox 661 3367 722 3411; x_wconf 94' lang='lat' dir='ltr'>non</span> <span class='ocrx_word' id='word_1_243' title='bbox 750 3346 934 3411; x_wconf 87' lang='lat' dir='ltr'>accredidit:</span> <span class='ocrx_word' id='word_1_244' title='bbox 965 3349 1071 3429; x_wconf 88' lang='lat' dir='ltr'>itaque</span> <span class='ocrx_word' id='word_1_245' title='bbox 1097 3348 1335 3413; x_wconf 89' lang='lat' dir='ltr'>Pharnabazum</span> 
     </span>
     <span class='ocr_line' id='line_1_32' title="bbox 268 3449 1337 3532; baseline -0.002 -14"><span class='ocrx_word' id='word_1_246' title='bbox 268 3449 389 3518; x_wconf 70' lang='lat' dir='ltr'>omisit</span> <span class='ocrx_word' id='word_1_247' title='bbox 417 3449 621 3532; x_wconf 83' lang='lat' dir='ltr'>exploratum.</span> <span class='ocrx_word' id='word_1_248' title='bbox 667 3451 695 3513; x_wconf 84' lang='lat' dir='ltr'><strong>A</strong></span> <span class='ocrx_word' id='word_1_249' title='bbox 719 3470 779 3531; x_wconf 91' lang='lat' dir='ltr'>quo</span> <span class='ocrx_word' id='word_1_250' title='bbox 809 3457 843 3514; x_wconf 91' lang='lat' dir='ltr'>ut</span> <span class='ocrx_word' id='word_1_251' title='bbox 869 3451 1036 3515; x_wconf 89' lang='lat' dir='ltr'>Datamcm</span> <span class='ocrx_word' id='word_1_252' title='bbox 1063 3452 1172 3515; x_wconf 88' lang='lat' dir='ltr'>venire</span> <span class='ocrx_word' id='word_1_253' title='bbox 1198 3453 1337 3517; x_wconf 86' lang='lat' dir='ltr'>benere</span> 
     </span>
     <span class='ocr_line' id='line_1_33' title="bbox 304 3552 1338 3638; baseline 0.003 -22"><span class='ocrx_word' id='word_1_254' title='bbox 304 3558 396 3635; x_wconf 89' lang='lat' dir='ltr'>gesta</span> <span class='ocrx_word' id='word_1_255' title='bbox 417 3552 578 3634; x_wconf 84' lang='lat' dir='ltr'>comperit,</span> <span class='ocrx_word' id='word_1_256' title='bbox 609 3553 714 3616; x_wconf 89' lang='lat' dir='ltr'>statim</span> <span class='ocrx_word' id='word_1_257' title='bbox 741 3552 865 3617; x_wconf 89' lang='lat' dir='ltr'>admitti</span> <span class='ocrx_word' id='word_1_258' title='bbox 892 3554 992 3634; x_wconf 87' lang='lat' dir='ltr'>iussit,</span> <span class='ocrx_word' id='word_1_259' title='bbox 1022 3574 1138 3637; x_wconf 86' lang='lat' dir='ltr'>magno</span> <span class='ocrx_word' id='word_1_260' title='bbox 1165 3575 1259 3638; x_wconf 88' lang='lat' dir='ltr'>opere</span> <span class='ocrx_word' id='word_1_261' title='bbox 1286 3555 1338 3620; x_wconf 88' lang='lat' dir='ltr'>de-</span> 
     </span>
     <span class='ocr_line' id='line_1_34' title="bbox 305 3653 1338 3740; baseline 0.005 -21"><span class='ocrx_word' id='word_1_262' title='bbox 305 3655 436 3719; x_wconf 86' lang='lat' dir='ltr'>lectatus</span> <span class='ocrx_word' id='word_1_263' title='bbox 467 3675 536 3717; x_wconf 88' lang='lat' dir='ltr'>curn</span> <span class='ocrx_word' id='word_1_264' title='bbox 568 3653 650 3719; x_wconf 84' lang='lat' dir='ltr'>facto</span> <span class='ocrx_word' id='word_1_265' title='bbox 680 3661 746 3720; x_wconf 92' lang='lat' dir='ltr'>tum</span> <span class='ocrx_word' id='word_1_266' title='bbox 776 3663 901 3737; x_wconf 90' lang='lat' dir='ltr'>ornatu,</span> <span class='ocrx_word' id='word_1_267' title='bbox 933 3677 994 3739; x_wconf 92' lang='lat' dir='ltr'>quo</span> <span class='ocrx_word' id='word_1_268' title='bbox 1023 3657 1056 3722; x_wconf 93' lang='lat' dir='ltr'>in</span> <span class='ocrx_word' id='word_1_269' title='bbox 1085 3657 1193 3740; x_wconf 89' lang='lat' dir='ltr'>primis</span> <span class='ocrx_word' id='word_1_270' title='bbox 1223 3659 1338 3724; x_wconf 90' lang='lat' dir='ltr'>nobilis</span> 
     </span>
     <span class='ocr_line' id='line_1_35' title="bbox 267 3757 1338 3846; baseline 0.006 -24"><span class='ocrx_word' id='word_1_271' title='bbox 267 3782 286 3828; x_wconf 77' lang='lat'>5</span> <span class='ocrx_word' id='word_1_272' title='bbox 305 3779 362 3823; x_wconf 84' lang='lat' dir='ltr'>rex</span> <span class='ocrx_word' id='word_1_273' title='bbox 384 3757 416 3820; x_wconf 93' lang='lat' dir='ltr'>in</span> <span class='ocrx_word' id='word_1_274' title='bbox 439 3763 627 3840; x_wconf 90' lang='lat' dir='ltr'>potestatem</span> <span class='ocrx_word' id='word_1_275' title='bbox 649 3758 826 3843; x_wconf 90' lang='lat' dir='ltr'>inopinanti</span> <span class='ocrx_word' id='word_1_276' title='bbox 847 3768 986 3824; x_wconf 85' lang='lat' dir='ltr'>venerat.</span> <span class='ocrx_word' id='word_1_277' title='bbox 1032 3762 1143 3842; x_wconf 90' lang='lat' dir='ltr'>Itaque</span> <span class='ocrx_word' id='word_1_278' title='bbox 1169 3761 1338 3846; x_wconf 85' lang='lat' dir='ltr'>magnifice</span> 
     </span>
    </p>
   </div>
   <div class='ocr_carea' id='block_1_15' title="bbox 0 0 1472 4192">
    <p class='ocr_par' dir='ltr' id='par_1_15' title="bbox 0 0 1472 4192">
     <span class='ocr_line' id='line_1_36' title="bbox 0 0 1472 4192; baseline 0 0"><span class='ocrx_word' id='word_1_279' title='bbox 0 0 1472 4192; x_wconf 95' lang='lat' dir='ltr'> </span> 
     </span>
    </p>
   </div>
  </div>
 </body>
</html>
