2890 4196
429 244 535 298 XVIII.
556 243 734 300 EUMENES.
754 249 778 301 8.
797 249 820 300 9.
836 249 876 301 lo.
1131 229 1172 292 It')

135 419 296 504 pabulum,
320 424 484 502 praeterea
499 417 619 482 cibaria
635 424 723 482 cocta
739 417 860 482 dierum
876 417 996 499 decem,
1019 425 1054 483 ut
1079 439 1171 500 quam

135 522 265 587 minime
287 522 377 586 fieret
398 520 483 605 ignis
505 521 538 584 in
562 521 681 586 castris.
729 522 792 586 Iter
814 540 875 604 qno
904 519 1030 602 habeat,
1062 542 1172 587 omnes

135 624 224 689 celat.
263 624 317 691 Sic
338 630 476 708 paratus,
500 643 562 705 qua
585 623 798 704 constituerat,
820 622 1035 708 proficiscitur.
1073 624 1206 692 Dimia

135 727 221 792 dium
248 727 315 792 fere
342 726 479 811 spatium
507 727 696 806 confecerat,
724 746 796 790 cum
823 746 864 791 ex
887 726 973 791 fumo
1001 733 1171 792 castrorum

134 830 270 915 suspicio
297 830 393 894 allata
420 835 467 895 est
494 829 536 893 ad
558 830 733 894 Eumenem
759 829 882 894 hostem
908 829 1170 915 appropinquare.

136 934 335 999 Conveniunt
362 932 472 1018 duces3
507 932 675 1015 quaeritur,
706 931 780 1014 quid
812 952 889 1033 opus
918 932 959 997 sit
985 934 1077 998 facto.
1123 936 1172 999 In-

135 1037 328 1121 tellegebant
349 1055 459 1102 omnes
481 1042 547 1100 tarn
570 1035 712 1101 celeriter
735 1035 841 1119 copias
863 1035 1002 1120 ipsorum
1030 1037 1172 1102 contrabi
1221 1091 1223 1097 .

135 1160 198 1205 non
234 1159 337 1224 posse,
372 1160 467 1222 quam
499 1139 678 1225 Antigonus
710 1140 865 1205 affuturus
899 1139 1074 1207 uidebatur.
1120 1143 1202 1207 lbia

135 1243 280 1310 omnibus
317 1244 525 1310 titubantibus
564 1250 595 1308 et
629 1243 669 1308 de
702 1246 796 1310 rebus
835 1243 900 1310 suis
929 1242 1171 1330 desperantibus

135 1349 292 1424 Eumenes
318 1349 372 1430 ait,
396 1349 423 1413 si
446 1350 639 1414 celeritatem
661 1349 760 1413 velint
782 1347 934 1413 adhibere
957 1355 989 1413 et
1017 1349 1170 1433 imperata

134 1452 248 1534 facere,
284 1450 368 1535 quod
401 1458 476 1516 ante
510 1471 574 1516 non
605 1450 747 1532 iecerint,
778 1471 812 1517 sc
842 1471 908 1516 rem
939 1452 1169 1536 expediturum.

135 1557 218 1620 Nam
241 1554 325 1638 quod
347 1555 407 1620 iter
426 1554 538 1621 diebus
555 1555 692 1637 quinque
707 1554 807 1620 hostis
822 1553 973 1620 transisse
996 1563 1112 1639 posset,
1136 1577 1170 1621 se

135 1660 329 1739 effecturum,
360 1664 480 1723 utnon
511 1658 616 1723 minus
638 1656 770 1722 totidem
797 1657 919 1722 dierum
947 1659 1049 1742 spatio
1076 1666 1169 1725 retar-
1223 1653 1225 1656 ’

135 1763 270 1827 daretur.
316 1761 420 1838 Quare
454 1761 666 1842 circumirent,
702 1783 775 1827 suas
807 1763 938 1844 quisque
973 1763 1170 1829 contraheret

135 1865 250 1950 copias.
296 1863 347 1929 Ad
368 1865 521 1950 Antigoni
547 1871 652 1930 autem
680 1865 904 1930 refrenandum
931 1866 1083 1950 impetum
1106 1869 1202 1932 talea

135 1969 219 2054 capit
241 1967 414 2034 consilium.
461 1959 570 2034 Certos
593 1968 688 2032 mittit
709 1967 853 2034 homines
875 1969 917 2032 ad
938 1969 1063 2035 infimos
1085 1991 1169 2035 mon·

135 2080 191 2154 tes,
221 2073 274 2155 qni
303 2072 389 2137 obvii
417 2072 633 2166 erantitineri
657 2071 918 2153 adversariorum,
947 2073 1055 2155 eisque
1081 2095 1168 2160 prae-

136 2177 219 2260 cipit,
248 2183 281 2241 ut
304 2176 405 2260 prima
426 2180 528 2257 nocte,
557 2196 651 2258 quam
673 2175 825 2242 latissime
852 2177 984 2262 possint,
1011 2177 1103 2262 ignes
1125 2178 1169 2244 fa-

96 2316 100 2324 ·
135 2280 219 2345 ciant
235 2301 327 2362 quam
344 2281 500 2346 maximos
523 2288 618 2362 atque
639 2280 698 2346 hos
721 2279 861 2345 secunda
883 2280 993 2365 vigilia
1014 2283 1167 2365 minuant,

134 2385 226 2449 tertia
247 2385 438 2469 perexiguos
460 2384 605 2465 reddant,
632 2391 668 2450 ut
692 2385 877 2450 assimulata
903 2392 1075 2450 castrorum
1098 2399 1202 2451 con-4

134 2487 300 2553 suetudine
330 2488 539 2572 suspicionem
568 2488 699 2552 iniciant
726 2487 878 2569 hostibus,
914 2488 960 2553 eis
993 2489 1069 2554 locis
1100 2509 1169 2554 esse

134 2596 237 2656 castra
258 2612 297 2656 ac
320 2592 359 2657 dc
383 2611 489 2656 eorum
512 2591 652 2656 adventu
676 2611 745 2657 esse
772 2593 1041 2676 praenuntiatum
1073 2593 1169 2658 idem-

135 2713 196 2775 que
218 2701 343 2778 postera
365 2701 457 2758 nocte
479 2693 607 2758 faciant.
647 2693 768 2770 Quibus
790 2695 977 2779 imperatum
1002 2703 1077 2777 erat,
1101 2696 1201 2762 ‹lili-o

133 2804 246 2881 genter
274 2805 477 2882 praeceptum
509 2805 627 2862 curant.
674 2797 851 2882 Antigonus
881 2799 1020 2864 tenebris
1051 2801 1168 2866 obortis

134 2902 225 2984 ignes
253 2901 463 2984 conspicatur:
496 2901 595 2965 credit
622 2901 661 2965 de
689 2921 744 2966 suo
771 2902 911 2967 adventu
935 2896 1011 2968 esse'
1027 2904 1166 2969 auditum

134 3010 166 3068 ct
188 3002 385 3069 adversarios
407 3005 481 3069 illuc
503 3006 698 3070 connexisse
722 3006 836 3088 copias.
856 3073 859 3079 ,
883 3007 983 3071 Mutat
1005 3008 1202 3072 consiliumss

135 3113 176 3188 et,
204 3107 351 3189 quoniam
379 3107 594 3190 imprudentes
616 3107 732 3173 adoriri
754 3128 817 3173 non
841 3116 956 3192 posset,
984 3109 1082 3174 flectit
1109 3111 1169 3175 iter

135 3217 166 3274 et
188 3210 275 3274 illum
297 3210 475 3274 anfractum
497 3212 670 3294 longiorem
694 3212 837 3295 copiosae
860 3212 932 3277 viae
956 3213 1039 3297 capit
1061 3213 1168 3296 ibique

134 3313 219 3378 diem
247 3333 343 3378 unum
375 3314 534 3397 opperitur
567 3313 610 3378 ad
641 3313 859 3379 lassitudinem
889 3315 1062 3380 sedandam
1092 3318 1169 3381 rnili-

135 3425 201 3481 tum
228 3437 266 3482 ae
293 3417 463 3483 reficienda
490 3419 638 3499 iumenta,
668 3439 728 3499 quo
755 3419 925 3502 integriore
953 3421 1094 3484 exercitu
1118 3421 1169 3486 do-

135 3527 285 3585 comeret.

166 3629 168 3635 ‘
240 3624 292 3690 Sic
321 3625 478 3702 Eumenes
506 3624 652 3689 callidum
682 3625 902 3709 imperatorem
933 3627 1009 3690 vicit
1040 3628 1167 3693 consilio
1187 3631 1221 3686 1⁰

136 3727 391 3810 celeritatemque
417 3727 582 3812 impedivit
610 3749 713 3811 neque
740 3738 846 3794 tamen
873 3730 1004 3795 multum
1027 3731 1167 3814 profecit.

135 3832 218 3895 Nam
255 3830 376 3895 invidia
414 3831 542 3912 ducum,
588 3853 658 3897 cum
698 3833 811 3914 quibus
849 3840 929 3914 erat,
975 3833 1203 3917 perfidiaquea
