2934 4192
456 191 518 248 XV.
537 190 815 247 EPAMINONDAS.
835 195 859 247 7.
878 196 902 250 8.
1156 176 1198 240 59

163 349 355 448 haberetque
377 364 515 448 collegas
541 363 629 445 duos,
660 383 792 446 quorum
821 364 900 429 alter
927 371 994 430 erat
1020 364 1198 449 Pelopidae,

163 471 210 536 vir
243 470 334 534 fortis
366 487 406 533 ac
439 473 596 548 strenuus,
630 485 702 532 cnm
736 467 920 534 criminibus
948 469 1199 534 adversariorum

162 592 271 639 omnes
296 573 331 636 in
356 570 511 636 iuvidiam
537 570 699 636 venissent
724 570 765 636 ob
789 590 922 652 eamque
944 592 1011 637 rem
1033 573 1199 657 imperium

163 680 208 743 eis
231 681 315 742 esset
335 674 523 758 abrogatum
545 680 641 756 atque
662 675 696 739 in
720 694 828 740 eorum
847 676 951 740 locum
970 676 1024 740 alii
1039 682 1200 760 praetores

162 780 397 860 successissent,
418 777 656 863 Epaminondas
672 779 779 863 populi
794 779 872 844 seito
886 799 951 845 non
966 780 1080 864 paruit,
1103 779 1199 846 idem·
1216 797 1233 844 4

163 905 224 968 que
246 890 282 950 ut
300 884 451 964 facerent,
473 882 630 967 persuasit
650 882 779 967 collegis
795 889 826 948 et
846 882 974 965 bellum,
998 883 1083 966 quod
1098 903 1199 950 susee-

162 993 262 1074 perat,
288 986 396 1070 gessit.
441 985 588 1068 Namque
610 986 893 1068 animadvertebat,
920 986 982 1051 nisi
1005 986 1039 1051 id
1059 986 1197 1069 fecisset,

162 1099 262 1158 totum
285 1090 458 1155 exercitum
480 1095 609 1174 propter
630 1097 809 1175 praetorum
834 1089 1081 1175 imprudentiam
1107 1088 1199 1156 insei-

162 1198 302 1277 tiamque
324 1193 398 1258 belli
420 1193 603 1276 periturum.
648 1193 717 1258 Lex
744 1199 813 1258 erat
833 1193 963 1275 Thebis,
991 1213 1073 1278 quae
1099 1199 1233 1259 mortes

162 1299 324 1378 multabat,
348 1296 375 1361 si
395 1295 465 1378 quis
484 1295 651 1380 imperium
666 1294 785 1362 diodus
803 1295 995 1378 retinuisset,
1019 1317 1112 1380 quam
1128 1298 1199 1381 lege

161 1400 362 1488 praefinitum
385 1398 476 1465 foret.
513 1398 606 1464 Hanc
627 1397 866 1484 Epaminondas
892 1420 963 1464 eum
986 1400 1030 1464 rei
1053 1401 1199 1484 publicae

162 1526 259 1572 eausa
272 1505 370 1569 latam
389 1501 521 1585 videret,
544 1501 586 1566 ad
605 1502 778 1588 perniciem
798 1502 935 1568 civitatis
951 1493 1085 1568 conferri
1100 1503 1200 1570 noluit

162 1616 195 1676 et
224 1612 371 1692 quattuor
401 1605 562 1673 mensibus
591 1605 723 1690 diutim,
757 1626 852 1690 quam
885 1607 1018 1694 populus
1033 1674 1036 1680 ,
1050 1607 1198 1691 iusserat,

161 1712 262 1798 gessit
283 1710 459 1796 imperium.
504 1710 677 1794 Postquam
703 1709 831 1777 domum
857 1709 993 1777 reditum
1021 1717 1078 1792 est,
1109 1711 1233 1782 colles

161 1835 223 1908 gae
246 1815 313 1880 eius
335 1814 396 1880 hoc
418 1813 549 1880 crimine
568 1812 808 1880 accusabantur.
839 1813 961 1891 Quibus
979 1814 1032 1880 ille
1046 1811 1198 1899 permisit,

161 1926 198 1986 ut
211 1939 337 1985 omnem
353 1937 481 1983 causam
500 1917 534 1982 in
553 1937 589 1984 se
607 1917 815 1983 transferrent
834 1937 954 2001 suaque
969 1937 1065 2007 opera
1079 1918 1199 1983 factum

163 2021 400 2103 contenderent,
431 2027 467 2086 ut
491 2019 557 2106 legi
582 2041 647 2088 non
673 2021 867 2087 oboedirent.
914 2019 985 2098 Qua
1014 2020 1198 2087 defensione

162 2128 224 2193 illis
249 2125 389 2212 periculo
415 2125 555 2191 liberatis
582 2144 675 2191 nemo
696 2125 951 2211 Epaminondam
977 2145 1199 2211 responsurum

162 2230 304 2315 putabat,
328 2227 421 2312 quod,
445 2227 520 2311 quid
542 2227 670 2311 diceret,
697 2250 762 2295 non
784 2228 924 2296 haberet.
969 2230 1012 2295 At
1033 2230 1086 2296 ille
1108 2235 1143 2294 ut
1164 2229 1198 2294 in
1216 2248 1232 2295 a

161 2332 312 2399 iudicium
344 2331 443 2413 venit,
481 2331 561 2396 nihil
591 2349 699 2397 eorum
732 2332 876 2417 negavit,
911 2353 992 2415 quae
1025 2332 1199 2400 adversarii

161 2435 285 2502 crimini
307 2434 436 2516 dabant,
467 2435 645 2518 omniaque,
675 2453 757 2519 quae
779 2435 919 2520 collegae
941 2435 1097 2516 dixerant,
1128 2455 1199 2500 con·

162 2540 265 2605 fessus
299 2545 346 2605 est
378 2559 481 2621 neque
513 2537 684 2619 recusavit,
723 2558 784 2621 quo
816 2538 921 2603 minus
953 2537 1034 2620 legis
1062 2557 1198 2621 poenam

162 2642 295 2727 subiret;
328 2641 362 2708 id
398 2663 496 2707 unum
525 2641 567 2706 ab
598 2641 644 2708 eis
672 2641 795 2726 petivit,
829 2648 865 2707 ut
892 2642 926 2707 in
965 2643 1107 2726 sepulcro
1141 2661 1198 2708 suo

160 2746 381 2828 inscriberent:
419 2739 666 2830 ‘Epaminondas
702 2766 723 2810 a
755 2745 916 2811 Thebanis
953 2751 1052 2811 morte
1088 2746 1232 2812 multa-3

161 2855 213 2915 tus
242 2855 300 2932 est,
331 2848 414 2931 quod
445 2868 498 2914 eos
529 2848 632 2933 coegit
658 2848 744 2933 apud
770 2849 906 2914 Leuctra
929 2839 1081 2934 'superare
1102 2849 1199 2915 Lace-

162 2949 353 3034 daemonios,
385 2973 463 3035 quos
489 2959 563 3017 ante
590 2973 625 3018 se
651 2953 872 3036 imperatorem
894 2972 988 3018 nemo
1010 2953 1197 3018 Boeotorum

161 3076 256 3122 ausus
285 3063 353 3120 erat
381 3057 524 3140 aspicere
551 3057 586 3121 in
613 3057 691 3138 acie,
724 3055 871 3139 quodque
896 3056 960 3122 uiro
985 3057 1103 3141 proelio
1132 3078 1196 3123 non

160 3161 261 3226 solum
282 3159 410 3226 Thebas
432 3162 474 3225 ab
497 3160 625 3226 interitu
647 3159 788 3242 retraxit,
819 3158 876 3225 sed
899 3160 994 3225 etiam
1015 3159 1232 3226 universams

160 3263 326 3329 Graeciam
354 3263 388 3329 in
417 3263 595 3329 libertatem
625 3262 801 3329 vindicavit
831 3283 930 3347 eoque
963 3283 1015 3328 res
1047 3269 1197 3329 utrorum-

160 3386 222 3450 que
247 3365 406 3451 perduxit,
436 3373 472 3432 ut
497 3367 642 3432 Thebani
669 3368 816 3452 Spartam
843 3372 1072 3451 oppugnarent,
1102 3367 1197 3433 Lace·

159 3469 318 3536 daemonii
347 3469 425 3536 satis
453 3470 618 3552 haberent,
652 3471 679 3536 si
709 3471 789 3536 salvi
820 3490 890 3536 esse
919 3476 1058 3554 possent,
1092 3483 1231 3553 nequet

159 3573 246 3658 prius
282 3573 400 3638 bellare
437 3573 567 3655 destitit,
605 3595 700 3657 quam
732 3575 878 3640 Messene
910 3574 1055 3640 restituta
1087 3576 1197 3640 urbem

159 3695 267 3741 eorum
304 3677 467 3744 obsidione
505 3671 639 3744 clausit.²
693 3678 782 3743 Haec
818 3699 890 3743 cum
931 3677 1077 3758 dixisset,
1114 3677 1196 3744 risus

158 3780 298 3844 omnium
336 3800 407 3862 cum
440 3781 598 3847 hilaritate
637 3788 760 3847 coortus
795 3788 852 3862 est,
887 3800 992 3862 neque
1030 3780 1195 3861 quisquam
