2934 4192
422 171 472 225 rx.
492 169 616 225 couou.
634 172 659 225 4.
672 174 696 226 5.
724 169 759 223 x.
779 168 865 224 uror
886 172 908 225 r.
1144 151 1186 216 35

154 347 342 412 contrahunt
371 345 516 410 classem:
547 342 786 427 proficisountur
815 341 969 408 Pisandro
1000 342 1088 408 duee.
1121 343 1187 407 Hos
1239 371 1343 418 Μαι

154 451 262 516 Conon
285 447 370 533 apud
393 446 528 514 Gnidum
551 445 680 511 adortus
701 465 817 529 magno
844 446 961 529 proelio
988 446 1087 529 fugat,
1111 446 1186 510 mul-

153 561 201 618 tas
223 570 321 616 naves
345 551 439 634 capit,
471 550 647 633 complures
674 547 829 633 deprimit.
875 547 946 625 Qua
968 549 1101 614 victoria
1122 569 1186 615 non

152 656 251 722 solnm
279 654 440 735 Athenae,
475 652 533 720 sed
565 657 678 718 ounota
712 652 858 733 Graeoia,
893 672 974 734 quae
1004 653 1062 718 sub
1092 653 1187 719 Lace

151 758 387 824 daemoniorum
410 756 514 821 fuerat
535 756 676 840 imperio,
707 756 841 821 liberata
864 762 920 820 est.
967 755 1078 822 Conon
1101 757 1219 822 enims

153 883 222 926 oum
252 869 342 945 parte
370 860 500 925 narium
530 859 563 923 in
593 859 727 942 patriam
755 859 852 939 venit,
882 879 988 924 muros
1019 857 1138 924 dirutos
1166 879 1187 922 a

151 963 316 1048 Lysandro
338 970 496 1044 utrosque,
528 968 560 1026 et
580 961 684 1026 Piraei
714 967 747 1026 ot
767 960 974 1042 Athenarum,
1000 959 1187 1026 reficiendos

153 1073 241 1132 curat
262 1066 478 1150 pecuniaeque
501 1065 730 1149 quinquaginta
752 1065 881 1145 talenta,
906 1084 986 1146 quae
1008 1085 1029 1128 a
1050 1063 1187 1129 Pharna

152 1172 229 1236 bano
251 1176 426 1254 aooeperat,
450 1169 572 1234 oivibus
594 1168 660 1235 suis
682 1167 786 1232 donat.

253 1272 378 1339 Aooidit
405 1272 487 1353 huie,
516 1270 600 1354 quod
630 1271 742 1336 ceteris
769 1271 961 1354 mortalibus,
989 1277 1025 1337 ut
1053 1271 1221 1340 innomi-5

151 1377 288 1443 deratior
308 1377 343 1440 in
363 1374 502 1441 secunda
522 1395 617 1457 qnam
637 1374 670 1439 in
686 1372 821 1439 adversa
836 1381 920 1439 esset
934 1375 1068 1439 fortuna.
1103 1375 1186 1438 Nam

152 1482 252 1546 classe
278 1477 574 1563 Peloponnesiorum
602 1477 737 1557 deviota,
769 1497 839 1542 oum
869 1477 968 1542 ultum
995 1496 1030 1543 se
1056 1476 1186 1542 iniurias

150 1583 273 1668 patriae
298 1587 438 1666 putaret,
467 1582 559 1665 plura
587 1580 780 1664 concupivit,
809 1600 903 1662 quam
927 1580 1052 1645 efficere
1074 1581 1184 1664 potuit.

151 1687 264 1768 Neque
278 1691 385 1750 tamen
402 1704 441 1750 ea
455 1704 519 1750 non
534 1685 588 1768 pia
603 1691 634 1748 et
649 1682 813 1767 probanda
827 1683 964 1764 fuerunt,
980 1682 1064 1765 quod
1083 1683 1186 1768 potius
1204 1702 1220 1748 a

151 1787 273 1872 patriae
287 1807 364 1872 opes
378 1788 488 1870 angeri
504 1807 599 1870 quam
614 1787 698 1870 regis
713 1786 831 1850 maluit.
855 1787 939 1850 Nam
952 1806 1022 1851 oum
1038 1806 1186 1870 magnam

152 1891 369 1956 auctoritatem
391 1891 452 1956 sibi
474 1910 583 1975 pugna
605 1890 659 1956 illa
681 1889 797 1970 navali,
826 1909 921 1971 quam
943 1888 1028 1972 apud
1051 1889 1186 1955 Gnidum

152 1994 280 2076 fecerat,
300 1993 521 2075 constituisset,
542 2014 606 2058 non
622 1994 722 2058 solum
737 1979 820 2057 inter
834 1992 995 2073 barbaros,
1018 1991 1075 2058 sed
1091 1993 1185 2058 etiam

152 2117 262 2165 omnes
284 2097 436 2164 Graeciae
465 2098 623 2177 civitates,
652 2096 732 2161 olam
756 2094 831 2160 dare
858 2115 985 2180 operam
1009 2097 1125 2181 coepit,
1152 2104 1188 2162 ut

151 2197 273 2267 Ioniam
303 2207 336 2266 et
363 2200 497 2265 Aeolida
526 2200 705 2265 restitueret
734 2199 991 2266 Atheniensibus.
1044 2199 1083 2264 Id
1116 2217 1220 2265 onma

152 2307 255 2371 minus
281 2303 449 2387 diligenter
476 2310 559 2370 esset
587 2304 731 2384 oelatnm,
758 2302 932 2384 Tiribazus,
960 2304 1014 2385 qui
1036 2303 1187 2369 Sardibus

152 2413 305 2494 praeerat,
329 2408 489 2474 Cononem
513 2407 667 2488 evocavit,
690 2406 842 2472 simulans
864 2405 906 2470 ad
928 2425 1035 2489 regem
1059 2427 1130 2471 eum
1153 2427 1187 2472 se

152 2513 276 2577 mittere
301 2511 384 2576 velle
411 2530 528 2592 magna
554 2508 595 2574 de
622 2530 665 2574 re.
711 2509 822 2582 Huius
839 2510 949 2574 nuntio
976 2528 1090 2592 parens
1117 2529 1188 2574 oum

153 2616 301 2695 venisset,
329 2615 362 2678 in
385 2614 490 2678 vinola
513 2613 673 2678 oonieotus
701 2619 763 2698 est,
793 2613 828 2678 iu
855 2613 969 2694 quibus
994 2611 1188 2695 aliquamdiu

152 2718 220 2784 fuit.
255 2716 335 2783 Inde
350 2717 493 2782 nonnulli
513 2735 582 2784 esse
601 2715 643 2780 ad
662 2735 770 2799 regem
792 2715 963 2781 abdnotnm
986 2716 1093 2798 ibique
1116 2737 1188 2780 eum
1206 2740 1222 2786 4

152 2821 271 2906 perisse
297 2821 448 2904 seriptum
475 2821 676 2902 reliquerunt.
717 2819 833 2885 Contra
864 2838 903 2884 ea
935 2820 1041 2884 Dinon
1068 2819 1188 2884 histori-
1239 2853 1343 2898 amm„

153 2944 217 3006 ons,
241 2925 290 2989 oui
312 2943 370 2989 nos
392 2924 560 3008 plurimum
584 2923 624 2988 de
646 2923 780 2988 Persiois
802 2923 897 2988 rebus
920 2921 1085 3002 oredimus,
1113 2922 1188 2987 etiu-

153 3027 237 3110 gisse
259 3026 397 3112 scripsit5
421 3026 498 3091 illud
520 3025 696 3108 addubitat,
719 3032 824 3091 utrum
838 3025 984 3090 Tiribazo
1006 3025 1125 3090 soiente
1147 3046 1188 3089 an

152 3129 351 3214 imprudente
373 3130 415 3195 sit
440 3128 567 3195 laetum.
692 3188 693 3193 ,
1323 3212 1327 3221 Ι

255 3234 295 3297 Χ.
312 3234 406 3314 Dron,
422 3233 590 3316 Hipparini
605 3232 698 3313 filius,
715 3233 942 3315 Syracusanus,
959 3231 1057 3296 nobili
1072 3252 1189 3314 genere
1207 3252 1221 3300 1

153 3343 255 3417 natus,
278 3334 441 3417 utriusque
460 3337 637 3420 implicatus
656 3343 703 3400 est
718 3335 866 3418 Dionysii
881 3333 1060 3418 tyrannide.
1095 3335 1188 3400 Nam-

133 3457 215 3526 que
241 3438 294 3503 ille
321 3439 461 3523 superior
483 3439 737 3518 Aristomachen,
766 3459 902 3504 sororem
929 3439 1050 3519 Dionis,
1078 3438 1187 3504 habuit

154 3541 186 3604 in
209 3541 422 3626 matrimonio;
451 3561 492 3607 ex
515 3563 577 3624 qua
599 3541 661 3607 duo
683 3541 749 3621 tilii,
773 3542 966 3625 Hipparinus
990 3549 1021 3608 et
1042 3541 1188 3622 NisaeuS,

154 3644 221 3707 nati
244 3651 317 3709 sunt
339 3643 531 3728 totidemque
550 3645 643 3725 filiae,
666 3646 794 3710 nomine
810 3645 1012 3728 Sophrosyne
1033 3653 1064 3710 et
1079 3647 1186 3711 Arete:

155 3766 287 3829 quarum
302 3748 437 3832 priorem
451 3750 606 3833 Dionysio
620 3749 695 3830 filio,
713 3749 825 3828 eidem,
842 3750 891 3813 oui
906 3769 1038 3832 regnum
1053 3749 1187 3830 reliquit,

1001 3851 1032 3901 3ss
