2934 4192
445 243 522 296 XIV.
541 239 732 295 DATAblES.
751 243 775 294 9.
796 242 835 295 10.
851 241 891 294 11.
1142 223 1183 286 53

155 417 238 500 qnod
268 415 387 480 inimici
417 414 604 494 detulerant,
635 433 706 477 cum
735 432 838 494 neque
866 410 1055 476 credendum
1083 432 1186 494 neque

154 519 386 605 neglegendum
416 525 550 602 putaret,
585 517 721 600 experiri
750 515 858 597 voluit,
891 536 1000 580 vemm
1031 515 1187 580 falsumne

155 625 213 689 sibi
237 629 320 688 esset
343 623 483 686 relatum.
530 623 641 702 Itaque
664 641 701 685 eo
723 619 882 703 profectus
908 624 965 699 est,
996 619 1029 682 in
1057 639 1118 702 quo
1140 619 1187 684 iti·
1206 637 1221 683 3

154 748 228 792 nere
257 727 378 792 futuras
407 723 539 789 insidias
568 723 724 787 dixerant.
771 722 834 789 Sed
864 723 960 806 elegit
990 742 1118 806 corpore
1150 742 1189 787 sc

154 837 273 894 statura
296 828 488 894 simillimum
511 827 559 892 sui
583 827 674 908 eique
696 827 845 891 vestitum
868 845 957 891 suurn
980 823 1068 889 dedit
1093 831 1189 906 atque

156 954 192 998 eo
207 934 276 997 loco
290 931 346 1011 ire,
370 950 431 1013 quo
446 931 515 1014 ipse
531 936 704 1009 consuerat,
727 929 826 994 iussit.
862 930 935 1012 Ipse
955 933 1061 992 autern
1078 936 1189 992 ornatu

154 1035 280 1100 militari
302 1034 385 1098 inter
404 1033 541 1116 corporis
563 1031 709 1097 custodes
724 1032 783 1096 iter
797 1033 902 1096 t'acere
918 1030 1028 1114 coepit.
1059 1030 1102 1094 At
1117 1029 1188 1094 insi·
1206 1047 1223 1092 4

155 1139 300 1219 diatores,
330 1143 497 1222 postquam
524 1137 557 1200 in
584 1156 656 1200 eum
682 1136 785 1200 locum
811 1119 927 1218 agmen
954 1134 1108 1218 pervenit,
1139 1132 1190 1197 de-

121 1252 124 1257 “
155 1242 237 1326 cepti
259 1240 368 1306 ordine
390 1247 485 1322 atque
508 1240 623 1304 vestitu
645 1239 798 1322 impetum
820 1239 853 1302 in
876 1258 948 1302 eum
975 1238 1105 1318 faciunt,
1136 1238 1189 1320 qui

156 1345 336 1429 suppositus
366 1350 441 1408 erat.
486 1342 692 1407 Praedixerat
722 1347 828 1406 autern
859 1341 904 1406 eis
925 1342 1088 1421 Datames,
1119 1361 1189 1406 cum

156 1449 269 1531 quibus
291 1448 351 1513 iter
372 1447 519 1528 faciebat,
543 1453 578 1511 ut
600 1447 701 1530 parati
725 1451 831 1510 essent
850 1445 964 1525 facere,
988 1443 1071 1527 quod
1087 1445 1188 1528 ipsum

154 1551 315 1617 vidissent.
365 1552 449 1634 Ipse,
487 1559 522 1615 ut
555 1557 776 1615 concurrentes
813 1547 1012 1613 insidiatores
1049 1548 1222 1611 animumo

152 1653 300 1734 advertit,
331 1654 395 1718 tela
420 1655 453 1718 in
480 1673 534 1719 eos
562 1653 704 1718 coniecit.
750 1654 820 1717 Hoc
845 1651 930 1716 idem
957 1671 1027 1715 curn
1050 1651 1188 1715 universi

153 1759 313 1838 fecissent,
337 1757 519 1842 priusquam
541 1756 745 1840 pervenirent
767 1754 809 1820 ad
832 1776 914 1836 eurn,
941 1774 1035 1836 quem
1057 1753 1188 1836 aggredi

153 1863 325 1942 voluerant,
350 1860 465 1925 confixi
487 1859 700 1924 conciderunt.

258 1964 318 2028 Hic
344 1970 410 2027 tarn
438 1962 568 2028 callidus
594 1963 643 2027 vir
670 1968 810 2027 extremo
838 1967 977 2045 ternpore
1004 1966 1115 2044 captus
1141 1965 1188 2026 est
1205 1967 1240 2020 10

154 2065 352 2148 Mithridatis,
379 2066 600 2131 Ariobarzanis
626 2065 692 2147 filii,
724 2065 804 2131 dolo.
850 2068 996 2146 Namque
1022 2065 1049 2130 is
1071 2065 1188 2149 pollici-

153 2179 203 2237 tus
233 2178 281 2236 est
307 2170 374 2253 regi
405 2189 439 2235 se
466 2189 538 2234 eum
565 2169 813 2251 interfecturum,
843 2169 871 2236 si
898 2189 955 2234 rex
984 2169 1187 2253 permitteret,

154 2281 197 2355 ut,
229 2273 447 2356 quodcumque
469 2275 574 2354 vellet,
605 2275 713 2341 liceret
735 2275 864 2358 impune
885 2273 1001 2354 faeere,
1031 2271 1187 2355 fidemque

156 2378 196 2442 de
218 2397 257 2444 ea
279 2398 421 2443 remote
443 2379 610 2443 Persarum
633 2377 747 2442 dextra
773 2377 921 2444 dedisset.
966 2380 1058 2443 Hanc
1084 2382 1119 2440 ut
1140 2391 1221 2442 ace

154 2481 236 2565 cepit
265 2501 285 2544 a
310 2500 385 2564 rege
409 2481 546 2564 missam,
578 2483 685 2566 copias
711 2489 801 2566 parat
825 2489 856 2546 et
877 2482 993 2547 absens
1016 2479 1187 2544 amicitiam

153 2605 224 2648 oum
247 2586 381 2648 Datame
404 2584 495 2666 facit;
525 2585 608 2669 regis
637 2586 818 2670 provincias
841 2592 947 2660 vexat,
980 2584 1109 2648 castella
1135 2603 1187 2646 ex·
1227 2593 1231 2602 '

153 2692 287 2771 pugnat,
326 2707 458 2771 magnas
491 2688 625 2772 praedas
663 2689 761 2774 capit,
799 2709 930 2770 quarum
964 2695 1084 2772 partem
1123 2687 1186 2751 suis

153 2791 305 2874 dispertit,
337 2798 457 2874 partem
484 2791 526 2856 ad
548 2793 715 2856 Datamem
745 2792 854 2876 mittit;
889 2790 1076 2876 parimodo
1107 2809 1186 2853 corn-

152 2895 243 2978 plura
270 2895 399 2959 castella
427 2895 456 2959 ei
484 2894 621 2960 tradidit.
667 2897 756 2960 Haec
782 2894 835 2961 diu
861 2895 1008 2960 faciendo
1030 2894 1219 2978 persuasita

153 2997 271 3063 homini
301 3017 335 3063 se
363 2997 520 3063 inlinitum
547 2998 700 3064 adversus
727 3009 834 3084 regem
862 2999 1037 3083 suscepisse
1060 2999 1185 3079 bellum,

153 3121 224 3166 cum
250 3099 348 3165 nihilo
375 3102 486 3184 magis,
516 3122 557 3167 ne
584 3123 678 3185 quam
709 3101 920 3187 suspicionem
949 3102 995 3166 illi
1020 3102 1186 3186 praeberet

153 3205 346 3284 insidiarum,
376 3223 479 3286 neque
502 3205 688 3288 colloquium
713 3206 780 3271 eius
802 3206 915 3291 petivit
936 3225 1039 3287 neque
1060 3205 1094 3269 in
1117 3225 1186 3270 con-

153 3315 294 3393 spectum
316 3310 424 3374 venire
450 3309 577 3376 studuit.
624 3303 676 3377 Sic
703 3312 820 3376 absens
846 3310 1017 3375 amicitiam
1044 3309 1184 3392 gerebat,

153 3419 270 3477 utnon
293 3412 455 3478 benefieiis
478 3415 603 3495 mutuis,
631 3414 688 3480 sed
710 3414 868 3479 communi
890 3414 974 3497 regis
997 3413 1067 3477 odio
1091 3413 1184 3477 conti-

152 3515 220 3580 neri
241 3515 431 3584 viderentur.
477 3516 515 3582 Id
542 3538 612 3582 cum
636 3519 712 3583 satis
735 3537 769 3583 se
792 3517 992 3582 confirmasse
1014 3515 1183 3580 arbitratus
1204 3537 1235 3588 ιι

152 3627 249 3702 esset,
283 3622 446 3687 certiorem
479 3621 554 3686 tacit
586 3623 754 3686 Datamcm
787 3627 912 3705 tempus
946 3639 1015 3686 esse
1052 3619 1184 3683 maiores

153 3724 310 3790 exercitus
332 3725 435 3808 parari
458 3730 490 3788 et
511 3725 628 3790 bellurn
651 3725 812 3810 cumipse
834 3744 910 3809 rege
933 3723 1058 3806 suscipi,
1082 3721 1184 3805 deque

152 3846 190 3892 ea
219 3846 263 3908 re,
298 3827 324 3892 si
354 3827 383 3892 ei
410 3826 577 3909 videretur,
609 3849 670 3910 quo
699 3829 767 3894 loeo
796 3829 900 3910 vellet,
933 3827 967 3892 in
998 3824 1184 3907 colloquium

1267 2679 1275 2716 l
