2890 4196
244 193 286 256 91
457 225 458 230 ¹
533 209 640 262 xxm.
660 181 867 263 naumann.
887 215 910 266 s.
924 214 947 266 9.
962 213 1003 267 ro.

243 382 352 446 Asiam
382 381 497 447 ducere
526 382 630 447 iussus
660 389 740 463 erat,
773 382 881 464 eisque
910 383 1063 450 adversus
1084 375 1279 449 Rhodiorum

244 486 377 550 classem
399 486 431 550 in
455 485 643 568 Pamphylio
665 484 745 549 mari
769 485 919 550 conflixit.
965 488 1003 550 ln
1027 507 1182 568 quocum
1204 487 1280 552 mul-

243 587 378 668 titudine
401 587 652 653 adversariorum
676 589 724 653 sui
746 597 980 672 superarentur,
1004 589 1082 673 ipse,
1105 609 1167 670 quo
1183 609 1280 655 cornu

242 711 309 755 rem
331 691 439 774 gessit,
462 691 523 755 fuit
546 692 696 774 superior.

207 810 226 863 a
347 793 504 859 Antiocho
526 793 660 874 devicto,
688 795 871 860 veritusne
894 793 1069 876 dederetur,
1099 795 1183 876 quod
1211 795 1280 860 sine

89 927 189 969 189111,
244 895 340 962 dubio
361 895 539 978 accidisset,
570 897 597 962 si
628 897 676 961 sui
704 897 832 962 fecisset
858 903 1056 981 potestatem,
1089 897 1215 963 Cretam
1237 897 1280 960 ad

244 999 415 1084 Gortynios
440 1001 538 1080 veuit,
567 1006 603 1064 ut
630 1000 685 1080 ibi,
714 1019 774 1082 quo
802 1020 836 1064 se
859 1000 1025 1081 conferret,
1057 999 1277 1065 consideraret.

209 1122 224 1168 a
244 1103 332 1167 Vidit
353 1109 460 1168 autem
482 1104 530 1166 vir
543 1104 692 1167 xomnium
715 1102 934 1167 callidissimus
958 1123 1074 1185 magno
1097 1122 1130 1166 se
1153 1102 1220 1167 fore
1245 1103 1279 1166 in

242 1207 395 1290 periculo,
427 1207 488 1272 nisi
515 1206 591 1289 quid
617 1205 822 1290 providisset,
854 1212 982 1290 propter
1010 1206 1178 1269 avaritiam
1206 1206 1279 1270 Cre-

243 1309 387 1374 tensium.
433 1308 583 1392 Magnam
614 1309 697 1373 enim
728 1328 835 1372 secum
857 1307 1026 1390 pecuniam
1049 1308 1208 1391 portabat,
1239 1307 1281 1370 de

148 1429 152 1438 ¹
243 1431 306 1492 qua
328 1411 447 1476 sciebat
471 1412 576 1476 exisse
598 1411 725 1475 famam.
771 1411 883 1490 Itaque
910 1409 996 1493 capit
1017 1408 1078 1473 hoo
1102 1409 1277 1474 eonsilium.

208 1514 421 1597 3Amphoras
451 1515 627 1598 complures
658 1515 793 1598 complet
825 1513 969 1596 plumbo,
1008 1533 1146 1577 summas
1180 1513 1281 1596 operit

243 1638 319 1682 auro
346 1621 545 1700 et‘argento.
592 1618 658 1682 Has
685 1617 904 1700 praesentibus
927 1616 1123 1701 principibus
1151 1615 1283 1699 deponit

227 1721 277 1784 in
292 1722 410 1806 templo
425 1721 558 1801 Dianae,
582 1721 734 1786 simulans
750 1739 824 1785 suas
839 1739 873 1785 se
897 1719 1038 1784 fortunas
1060 1720 1182 1784 illorum
1205 1718 1280 1782 fidei

244 1824 380 1890 credere.
426 1825 484 1888 His
510 1825 544 1887 in
572 1844 706 1889 errorem
733 1823 871 1888 inductis
898 1829 1019 1888 statuas
1041 1831 1168 1904 a’e'neas,
1201 1843 1282 1904 quas

244 1947 350 1993 secum
383 1929 540 2012 portabat,
578 1928 663 1992 omni
694 1947 752 1992 sua
781 1927 916 2010 pecunia
949 1927 1085 2010 complet
1108 1945 1224 2008 easque
1245 1926 1279 1989 in

209 2032 407 2115 spropatulo
438 2029 522 2095 domi
543 2031 649 2095 abicit.
697 2030 844 2112 Gortynii
875 2031 1026 2113 templum
1057 2050 1175 2112 magna
1205 2049 1283 2093 eura

245 2131 432 2213 custodiunt,
464 2153 528 2198 non
557 2141 623 2197 tom
645 2154 665 2197 a
688 2133 800 2206 ceteris
830 2153 925 2215 quam
954 2135 995 2198 ab
1019 2133 1208 2213 Hannibale,
1238 2152 1281 2196 ne

192 2249 227 2300 10
243 2235 297 2300 ille
319 2255 353 2300 se
375 2233 582 2301 inscientibus
604 2257 715 2301 aurum
738 2237 860 2302 tolleret
875 2254 1046 2316 secumque
1063 2235 1198 2299 duceret.
1227 2235 1281 2300 Sic

245 2340 438 2406 conservatis
460 2340 525 2404 suis
551 2340 646 2404 rebus
669 2340 803 2419 Poenus,
831 2340 930 2404 illusis
954 2339 1166 2420 Cretensibus,
1196 2337 1281 2404 ineo·

244 2443 337 2508 lumis
369 2442 412 2507 ad
441 2443 584 2508 Prusiam
618 2443 651 2506 in
685 2435 820 2507 Pontum
858 2443 1012 2526 pervenit.
1058 2440 1153 2525 Apud
1186 2461 1280 2522 quem

245 2545 355 2612 eodem
377 2546 410 2610 in
432 2546 557 2609 ltaliam
580 2546 685 2610 animo
708 2545 768 2609 fuit
783 2564 887 2627 neque
902 2544 987 2608 aliud
1002 2545 1169 2626 quicquam
1185 2563 1280 2625 quam

210 2669 351 2733 aregem
373 2649 509 2713 armavit
531 2656 563 2712 11
585 2649 713 2714 exacuit
726 2649 879 2714 adversus
893 2650 1061 2712 Romanos.
1091 2645 1192 2723 Quem
1208 2666 1280 2712 cum

245 2752 424 2817 domesticis
445 2753 558 2836 opibus
580 2753 684 2815 minus
707 2771 776 2815 esse
797 2753 960 2815 robustum
983 2750 1113 2830 videret,
1137 2749 1281 2814 concilia

244 2858 300 2921 bat
322 2861 442 2920 ceteros
463 2874 564 2938 reges,
588 2853 784 2938 adiungebat
807 2855 975 2919 bellicosas
997 2850 1162 2918 nationes‘
1182 2853 1281 2918 Dissi-

90 2976 191 3019 uraos.
245 2958 341 3022 debat
362 2957 403 3021 ab
426 2977 463 3022 eo
484 2958 699 3042 Pergamenus
722 2976 780 3022 rex
794 2958 962 3037 Eumenes,
986 2957 1136 3021 Romanis
1158 2956 1281 3021 amicis-

245 3061 352 3140 simus,
381 3060 559 3141 bellumque
585 3060 668 3124 inter
695 3080 748 3125 eos
775 3063 944 3142 gerebatur
971 3066 1003 3123 et
1030 3060 1108 3123 mari
1132 3065 1163 3123 et
1185 3065 1278 3123 terra.

214 3193 229 3238 3
245 3163 308 3230 Sed
330 3163 495 3244 utrobique
510 3163 669 3230 Eumenes
691 3164 761 3247 plus
785 3165 911 3228 valebat
926 3170 1053 3247 propter
1067 3164 1279 3227 Romanorum

244 3267 436 3333 societatem.
462 3264 531 3341 Quo
553 3266 656 3350 magis
680 3267 828 3349 cupiebat
851 3286 922 3330 eum
945 3266 1107 3331 Hannibal
1129 3265 1279 3349 opprimi;

245 3390 337 3452 quern
353 3370 379 3434 si
394 3370 588 3450 removisset,
612 3369 754 3434 faciliora
774 3370 834 3434 sibi
854 3376 960 3434 cetera
974 3369 1040 3434 fore
1055 3369 1277 3434 arbitrabatur.

244 3473 294 3538 Ad
317 3473 401 3536 hunc
422 3472 673 3537 interficiendum
696 3472 779 3535 hanc
800 3472 871 3536 iniit
892 3473 1055 3536 rationem
1081 3472 1279 3554 0111111111-

212 3577 290 3646 eois
312 3575 424 3640 diebus
448 3581 538 3640 erant
559 3574 723 3640 decreturi.
755 3576 969 3659 superabatur
990 3575 1119 3639 navium
1142 3573 1279 3638 multitu-

245 3678 332 3743 dine:
362 3677 433 3742 dolo
461 3684 528 3742 erat
550 3676 766 3762 pugnandum,
795 3697 866 3742 cum
893 3698 951 3761 par
977 3697 1041 3742 non
1065 3683 1148 3742 esset
1169 3675 1276 3740 armis.

153 3801 159 3810 ·
245 3781 417 3865 Imperavit
440 3801 534 3862 quam
557 3781 707 3864 plurimas
729 3789 905 3846 venenatas
927 3787 1089 3864 serpentes
1111 3777 1277 3846 11111111-
