2934 4192
264 163 305 226 60
533 178 594 232 XV.
613 179 891 235 EPAMINONDAS.
910 184 934 236 8.
952 184 975 235 9.
991 184 1030 236 10.

262 353 358 417 iudex
386 371 482 416 ausus
512 358 559 416 est
586 351 626 415 dc
654 371 690 416 eo
718 351 800 416 ferre
827 353 1019 435 suffragium.
1066 354 1119 419 ste
1140 375 1160 418 a
1182 355 1300 420 iudicio

263 456 374 539 capitis
398 456 537 518 maxima
559 454 704 519 discessit
726 456 835 537 gloria.

107 573 246 630 inruont)
368 559 428 622 Hic
458 565 599 623 extremo
629 567 769 642 tempore
796 559 965 643 imperator
994 559 1079 643 apud
1105 561 1298 626 Mantineam

263 683 334 726 cum
362 662 430 726 acie
452 661 606 726 instructa
632 661 783 726 audacius
805 663 937 727 instaret
958 662 1115 743 hostibuS,
1142 663 1299 729 Lacedae-

263 765 369 847 monii,
398 764 481 847 quod
507 765 541 829 in
568 765 661 829 unius
688 765 826 848 pernicie
854 766 920 830 cius
947 766 1069 849 patriae
1095 768 1189 831 sitam
1211 774 1298 851 puta·

262 870 340 934 bant
363 870 505 949 salutem,
530 869 668 933 universi
691 869 724 932 in
745 889 841 936 unum
862 869 1014 951 impetum
1034 870 1177 934 fecerunt
1195 890 1299 952 neque

262 973 348 1056 prius
371 974 601 1051 abscesserunt,
634 991 727 1052 quam
754 992 872 1055 magna
895 971 992 1036 caede
1015 973 1121 1037 multis
1143 974 1298 1055 utrimque

262 1076 374 1141 occisis
396 1075 565 1140 fortissime
587 1076 691 1158 ipsum
713 1073 964 1158 Epaminondam
987 1084 1182 1160 pugnantem
1206 1097 1298 1160 sparo

228 1179 386 1243 aeminus
408 1198 593 1261 percussum
616 1177 781 1243 concidere
807 1177 962 1242 viderunt.
1009 1180 1110 1244 Huius
1136 1180 1196 1244 viri
1224 1199 1298 1244 casu

262 1282 457 1362 aliquantum
490 1280 640 1344 retardati
675 1288 748 1345 sunt
776 1282 900 1362 Boeoti,
934 1301 1038 1363 neque
1071 1289 1178 1347 tamen
1211 1283 1299 1366 prius

228 1405 371 1468 opugna
394 1390 611 1465 excesserunt,
640 1405 735 1466 quarn
756 1391 971 1468 repugnantes
996 1385 1211 1469 profligarunt.
1255 1387 1299 1450 At

262 1487 507 1572 Epaminondas,
533 1508 603 1552 cum
625 1488 891 1552 animadverteret
913 1489 1106 1553 mortiferum
1129 1509 1164 1554 se
1184 1490 1300 1554 vulnus

262 1592 424 1675 accepisse
447 1593 611 1674 simulque,
635 1592 661 1656 si
681 1592 808 1672 ferrum,
833 1592 916 1674 quod
935 1613 976 1656 ex
996 1592 1102 1658 hastili
1121 1593 1155 1658 in
1171 1612 1299 1677 corpore

239 1685 243 1693 ⁸
262 1702 466 1776 remanserat,
490 1695 689 1774 extraxisset,
710 1695 848 1759 animam
864 1696 971 1760 statim
987 1697 1181 1777 emissurum,
1197 1716 1298 1778 usquc

228 1816 300 1865 4co
326 1800 463 1879 retinuit,
496 1798 599 1879 quoad
625 1799 838 1863 renuntiatum
862 1805 910 1864 est
932 1800 1048 1864 vicisse
1069 1801 1213 1865 Boeotos.
1260 1799 1298 1863 Id

261 1910 427 1987 postquam
460 1901 595 1981 audivit,
629 1895 735 1967 ‘Satis’
769 1903 870 1984 inquit
899 1896 991 1967 ‘vixit
1036 1903 1172 1968 invictus
1213 1904 1297 1968 enim

261 2002 394 2070 morior'.
440 2006 522 2068 Tum
549 2005 631 2070 ferro
648 2009 800 2070 'extracto
828 2006 993 2071 confestim
1017 2008 1216 2072 exanimatus
1239 2013 1295 2072 est.

210 2128 246 2180 10
367 2109 506 2173 Uxorem
527 2128 698 2190 numquam
722 2107 821 2173 duxit.
853 2111 891 2174 In
914 2131 975 2192 quo
999 2131 1069 2174 cum
1091 2109 1298 2194 reprebende-

261 2219 346 2276 retur
368 2232 389 2274 a
409 2209 570 2294 Pelopida,
601 2212 654 2292 qui
676 2211 775 2276 filium
797 2212 936 2278 habebat
961 2213 1122 2295 infamem,
1153 2215 1298 2296 maleque

262 2317 295 2380 in
326 2335 363 2380 eo
394 2313 514 2399 patriae
545 2315 707 2379 consulere
737 2315 896 2380 videretur
923 2309 1026 2380 ‘Vide'
1052 2317 1155 2398 inquit
1181 2309 1232 2381 ‘nc
1263 2324 1297 2381 tu

261 2419 351 2504 peius
382 2419 538 2499 consulas,
569 2419 622 2501 qui
652 2419 748 2484 talem
778 2440 819 2484 ex
849 2427 880 2484 te
910 2426 1018 2484 natum
1048 2421 1212 2486 relicturus
1243 2422 1295 2486 sis.

227 2525 373 2605 aNeque
396 2543 470 2588 vero
498 2522 593 2608 stirps
620 2529 724 2606 potest
751 2522 829 2586 mihi
855 2521 980 2588 deesse:
1011 2543 1148 2605 namque
1178 2544 1218 2588 ex
1246 2544 1298 2588 me

261 2634 369 2690 natam
403 2626 545 2707 relinquo
578 2647 719 2710 pugnam
752 2626 963 2706 Leuctricam,
999 2646 1080 2708 quae
1110 2647 1173 2691 non
1203 2627 1298 2692 modo

261 2729 338 2792 mihi
369 2736 536 2812 superstes
571 2729 628 2795 sed
659 2729 753 2794 etiam
783 2731 967 2795 immortalis
997 2731 1038 2795 sit
1067 2749 1197 2796 necesse
1227 2727 1295 2795 est'.

106 2861 209 2901 arcaea,
229 2851 245 2898 3
264 2831 333 2908 Quo
362 2840 502 2916 tempore
529 2832 608 2897 duce
634 2832 786 2915 Pelopida
813 2832 922 2898 exules
947 2833 1074 2898 Thebas
1104 2843 1298 2917 occuparunt

261 2943 292 3000 et
328 2934 521 3018 praesidium
553 2934 874 3000 Lacedaemoniorum
909 2956 950 3000 ex
987 2956 1059 3000 arce
1096 2938 1296 3020 expulerunt,

260 3037 507 3122 Epaminondas,
540 3038 689 3122 quamdiu
718 3039 805 3103 facta
834 3045 881 3103 est
912 3038 1025 3104 caedes
1055 3039 1180 3121 civium,
1211 3040 1296 3106 domi

262 3161 295 3206 se
325 3142 439 3222 tenuit,
471 3141 554 3224 quod
583 3162 686 3224 neque
713 3141 884 3207 defendere
911 3143 1009 3207 malos
1036 3142 1163 3208 volebat
1192 3164 1296 3226 neque

261 3245 456 3328 impugnare,
488 3264 528 3309 ne
555 3265 668 3310 manus
691 3246 807 3309 civium
830 3265 955 3310 suorum
978 3247 1133 3329 sanguine
1156 3255 1297 3312 cruenta-

261 3356 322 3412 ret:
344 3368 481 3430 namque
504 3369 628 3413 omnem
648 3349 772 3414 civilem
791 3349 954 3413 victoriam
974 3349 1133 3414 funestam
1152 3350 1294 3433 putabat.

261 3451 350 3515 Idem
372 3457 539 3534 postquam
561 3452 646 3536 apud
669 3452 840 3518 Cadmeam
868 3472 938 3516 cum
960 3451 1219 3519 Lacedaemoniis
1241 3475 1296 3537 pu-

227 3555 352 3638 rgnari
375 3564 519 3638 coeptum
542 3561 600 3637 cst,
623 3557 657 3619 in
678 3555 788 3640 primis
810 3555 906 3620 stetit.
941 3555 1042 3620 Huius
1065 3555 1104 3620 de
1126 3555 1296 3621 virtutibus

262 3658 389 3741 vitaque
412 3658 488 3723 satis
512 3659 570 3723 erit
593 3658 720 3740 dictum,
748 3659 775 3724 si
797 3658 857 3722 hoc
879 3679 976 3722 unnm
998 3659 1182 3735 adiunxero,
1211 3658 1295 3741 quod

260 3781 354 3826 nemo
376 3761 435 3825 ibit
461 3761 587 3844 infitias,
610 3761 736 3827 Thebas
760 3768 791 3827 et
812 3768 887 3826 ante
910 3761 1161 3845 Epaminondam
1185 3769 1294 3827 natum
