<?xml version="1.0" encoding="UTF-8"?>
<!DOCTYPE html PUBLIC "-//W3C//DTD XHTML 1.0 Transitional//EN"
    "http://www.w3.org/TR/xhtml1/DTD/xhtml1-transitional.dtd">
<html xmlns="http://www.w3.org/1999/xhtml" xml:lang="en" lang="en">
 <head>
  <title>
</title>
<meta http-equiv="Content-Type" content="text/html;charset=utf-8" />
  <meta name='ocr-system' content='tesseract 3.04.00' />
  <meta name='ocr-capabilities' content='ocr_page ocr_carea ocr_par ocr_line ocrx_word'/>
</head>
<body>
  <div class='ocr_page' id='page_1' title='image "./vitae00nepogoog_0132.png"; bbox 0 0 2890 4196; ppageno 0'>
   <div class='ocr_carea' id='block_1_1' title="bbox 284 189 1025 264">
    <p class='ocr_par' dir='ltr' id='par_1_1' title="bbox 284 189 1025 264">
     <span class='ocr_line' id='line_1_1' title="bbox 284 189 1025 264; baseline 0.008 -11"><span class='ocrx_word' id='word_1_1' title='bbox 284 189 344 254; x_wconf 84' lang='lat'>108</span> <span class='ocrx_word' id='word_1_2' title='bbox 575 206 666 261; x_wconf 82' lang='lat' dir='ltr'>xxv.</span> <span class='ocrx_word' id='word_1_3' title='bbox 686 205 856 262; x_wconf 73' lang='lat' dir='ltr'>nameus.</span> <span class='ocrx_word' id='word_1_4' title='bbox 876 210 1025 264; x_wconf 72' lang='lat' dir='ltr'>rorare.</span> 
     </span>
    </p>
   </div>
   <div class='ocr_carea' id='block_1_2' title="bbox 247 379 1319 1292">
    <p class='ocr_par' dir='ltr' id='par_1_2' title="bbox 247 379 1319 1292">
     <span class='ocr_line' id='line_1_2' title="bbox 281 379 1317 463; baseline 0.002 -18"><span class='ocrx_word' id='word_1_5' title='bbox 281 381 363 446; x_wconf 89' lang='lat' dir='ltr'>libus</span> <span class='ocrx_word' id='word_1_6' title='bbox 385 387 492 444; x_wconf 88' lang='lat' dir='ltr'>autem</span> <span class='ocrx_word' id='word_1_7' title='bbox 514 381 588 459; x_wconf 85' lang='lat' dir='ltr'>suis,</span> <span class='ocrx_word' id='word_1_8' title='bbox 613 379 650 456; x_wconf 75' lang='lat' dir='ltr'>Q.</span> <span class='ocrx_word' id='word_1_9' title='bbox 667 380 835 444; x_wconf 91' lang='lat' dir='ltr'>Hortensio</span> <span class='ocrx_word' id='word_1_10' title='bbox 858 387 890 445; x_wconf 90' lang='lat' dir='ltr'>et</span> <span class='ocrx_word' id='word_1_11' title='bbox 911 381 952 444; x_wconf 90' lang='lat' dir='ltr'>M.</span> <span class='ocrx_word' id='word_1_12' title='bbox 970 382 1131 462; x_wconf 78' lang='lat' dir='ltr'>Cicerone,</span> <span class='ocrx_word' id='word_1_13' title='bbox 1155 382 1200 446; x_wconf 88' lang='lat' dir='ltr'>sic</span> <span class='ocrx_word' id='word_1_14' title='bbox 1221 382 1317 463; x_wconf 85' lang='lat' dir='ltr'>vixit,</span> 
     </span>
     <span class='ocr_line' id='line_1_3' title="bbox 282 483 1313 568; baseline -0.002 -19"><span class='ocrx_word' id='word_1_15' title='bbox 282 491 316 549; x_wconf 92' lang='lat' dir='ltr'>ut</span> <span class='ocrx_word' id='word_1_16' title='bbox 350 483 488 549; x_wconf 91' lang='lat' dir='ltr'>iudicare</span> <span class='ocrx_word' id='word_1_17' title='bbox 522 483 651 548; x_wconf 83' lang='lat' dir='ltr'>difficile</span> <span class='ocrx_word' id='word_1_18' title='bbox 685 483 739 564; x_wconf 90' lang='lat' dir='ltr'>sit,</span> <span class='ocrx_word' id='word_1_19' title='bbox 778 483 829 548; x_wconf 90' lang='lat' dir='ltr'>cui</span> <span class='ocrx_word' id='word_1_20' title='bbox 864 484 962 549; x_wconf 89' lang='lat' dir='ltr'>aetati</span> <span class='ocrx_word' id='word_1_21' title='bbox 995 484 1089 549; x_wconf 87' lang='lat' dir='ltr'>fuerit</span> <span class='ocrx_word' id='word_1_22' title='bbox 1122 485 1313 568; x_wconf 86' lang='lat' dir='ltr'>aptissimus.</span> 
     </span>
     <span class='ocr_line' id='line_1_4' title="bbox 247 586 1319 669; baseline -0.002 -15"><span class='ocrx_word' id='word_1_23' title='bbox 247 587 479 668; x_wconf 81' lang='lat' dir='ltr'>aQuamquam</span> <span class='ocrx_word' id='word_1_24' title='bbox 509 607 580 651; x_wconf 91' lang='lat' dir='ltr'>eum</span> <span class='ocrx_word' id='word_1_25' title='bbox 610 586 779 669; x_wconf 80' lang='lat' dir='ltr'>praecipue</span> <span class='ocrx_word' id='word_1_26' title='bbox 806 586 919 651; x_wconf 88' lang='lat' dir='ltr'>dilexit</span> <span class='ocrx_word' id='word_1_27' title='bbox 942 587 1060 667; x_wconf 82' lang='lat' dir='ltr'>cicero,</span> <span class='ocrx_word' id='word_1_28' title='bbox 1090 596 1125 652; x_wconf 93' lang='lat' dir='ltr'>ut</span> <span class='ocrx_word' id='word_1_29' title='bbox 1154 607 1196 652; x_wconf 91' lang='lat' dir='ltr'>ne</span> <span class='ocrx_word' id='word_1_30' title='bbox 1217 587 1319 652; x_wconf 81' lang='lat' dir='ltr'>frater</span> 
     </span>
     <span class='ocr_line' id='line_1_5' title="bbox 247 689 1315 774; baseline -0.002 -18"><span class='ocrx_word' id='word_1_31' title='bbox 247 691 409 774; x_wconf 79' lang='lat' dir='ltr'>equidem</span> <span class='ocrx_word' id='word_1_32' title='bbox 437 691 466 755; x_wconf 93' lang='lat' dir='ltr'>ei</span> <span class='ocrx_word' id='word_1_33' title='bbox 489 689 623 766; x_wconf 80' lang='lat' dir='ltr'>Quintus</span> <span class='ocrx_word' id='word_1_34' title='bbox 651 690 751 755; x_wconf 88' lang='lat' dir='ltr'>carior</span> <span class='ocrx_word' id='word_1_35' title='bbox 778 696 861 755; x_wconf 88' lang='lat' dir='ltr'>esset</span> <span class='ocrx_word' id='word_1_36' title='bbox 888 696 943 756; x_wconf 92' lang='lat' dir='ltr'>aut</span> <span class='ocrx_word' id='word_1_37' title='bbox 969 690 1159 756; x_wconf 86' lang='lat' dir='ltr'>familiarior.</span> <span class='ocrx_word' id='word_1_38' title='bbox 1203 691 1242 755; x_wconf 88' lang='lat' dir='ltr'>Ei</span> <span class='ocrx_word' id='word_1_39' title='bbox 1267 693 1315 756; x_wconf 89' lang='lat' dir='ltr'>rei</span> 
     </span>
     <span class='ocr_line' id='line_1_6' title="bbox 282 792 1317 877; baseline -0.002 -17"><span class='ocrx_word' id='word_1_40' title='bbox 282 800 356 860; x_wconf 89' lang='lat' dir='ltr'>sunt</span> <span class='ocrx_word' id='word_1_41' title='bbox 383 793 500 859; x_wconf 92' lang='lat' dir='ltr'>indicio</span> <span class='ocrx_word' id='word_1_42' title='bbox 528 800 654 877; x_wconf 89' lang='lat' dir='ltr'>praeter</span> <span class='ocrx_word' id='word_1_43' title='bbox 683 813 736 858; x_wconf 91' lang='lat' dir='ltr'>eos</span> <span class='ocrx_word' id='word_1_44' title='bbox 765 792 872 874; x_wconf 90' lang='lat' dir='ltr'>libros,</span> <span class='ocrx_word' id='word_1_45' title='bbox 900 793 934 857; x_wconf 94' lang='lat' dir='ltr'>in</span> <span class='ocrx_word' id='word_1_46' title='bbox 965 793 1078 876; x_wconf 90' lang='lat' dir='ltr'>quibus</span> <span class='ocrx_word' id='word_1_47' title='bbox 1107 793 1147 859; x_wconf 93' lang='lat' dir='ltr'>de</span> <span class='ocrx_word' id='word_1_48' title='bbox 1175 813 1211 859; x_wconf 91' lang='lat' dir='ltr'>cc</span> <span class='ocrx_word' id='word_1_49' title='bbox 1237 795 1317 860; x_wconf 88' lang='lat' dir='ltr'>facit</span> 
     </span>
     <span class='ocr_line' id='line_1_7' title="bbox 282 897 1314 983; baseline 0 -20"><span class='ocrx_word' id='word_1_50' title='bbox 282 899 482 978; x_wconf 83' lang='lat' dir='ltr'><strong>mentionem,</strong></span> <span class='ocrx_word' id='word_1_51' title='bbox 507 897 560 980; x_wconf 90' lang='lat' dir='ltr'>qni</span> <span class='ocrx_word' id='word_1_52' title='bbox 581 898 614 961; x_wconf 92' lang='lat' dir='ltr'>in</span> <span class='ocrx_word' id='word_1_53' title='bbox 637 899 750 981; x_wconf 88' lang='lat' dir='ltr'>vulgus</span> <span class='ocrx_word' id='word_1_54' title='bbox 772 904 846 963; x_wconf 88' lang='lat' dir='ltr'>sunt</span> <span class='ocrx_word' id='word_1_55' title='bbox 868 897 954 978; x_wconf 89' lang='lat' dir='ltr'>editi,</span> <span class='ocrx_word' id='word_1_56' title='bbox 977 898 1055 963; x_wconf 92' lang='lat' dir='ltr'>XVI</span> <span class='ocrx_word' id='word_1_57' title='bbox 1068 898 1230 962; x_wconf 86' lang='lat' dir='ltr'>volumina</span> <span class='ocrx_word' id='word_1_58' title='bbox 1252 899 1314 983; x_wconf 92' lang='lat' dir='ltr'>epi-</span> 
     </span>
     <span class='ocr_line' id='line_1_8' title="bbox 283 1001 1316 1086; baseline 0.001 -19"><span class='ocrx_word' id='word_1_59' title='bbox 283 1002 431 1068; x_wconf 89' lang='lat' dir='ltr'>stularum</span> <span class='ocrx_word' id='word_1_60' title='bbox 458 1002 499 1066; x_wconf 87' lang='lat' dir='ltr'>ab</span> <span class='ocrx_word' id='word_1_61' title='bbox 529 1001 692 1067; x_wconf 80' lang='lat' dir='ltr'>consulatu</span> <span class='ocrx_word' id='word_1_62' title='bbox 715 1001 782 1066; x_wconf 88' lang='lat' dir='ltr'>eius</span> <span class='ocrx_word' id='word_1_63' title='bbox 805 1021 905 1082; x_wconf 83' lang='lat' dir='ltr'>usquc</span> <span class='ocrx_word' id='word_1_64' title='bbox 927 1001 970 1065; x_wconf 90' lang='lat' dir='ltr'>ad</span> <span class='ocrx_word' id='word_1_65' title='bbox 992 1007 1168 1066; x_wconf 88' lang='lat' dir='ltr'>extremum</span> <span class='ocrx_word' id='word_1_66' title='bbox 1190 1009 1316 1086; x_wconf 90' lang='lat' dir='ltr'>tempus</span> 
     </span>
     <span class='ocr_line' id='line_1_9' title="bbox 282 1104 1315 1189; baseline -0.002 -17"><span class='ocrx_word' id='word_1_67' title='bbox 282 1104 325 1172; x_wconf 91' lang='lat' dir='ltr'>ad</span> <span class='ocrx_word' id='word_1_68' title='bbox 339 1105 478 1169; x_wconf 87' lang='lat' dir='ltr'>Atticum</span> <span class='ocrx_word' id='word_1_69' title='bbox 494 1104 673 1189; x_wconf 86' lang='lat' dir='ltr'>missa1um;</span> <span class='ocrx_word' id='word_1_70' title='bbox 698 1124 779 1186; x_wconf 90' lang='lat' dir='ltr'>quae</span> <span class='ocrx_word' id='word_1_71' title='bbox 801 1105 854 1187; x_wconf 93' lang='lat' dir='ltr'>qui</span> <span class='ocrx_word' id='word_1_72' title='bbox 877 1105 971 1188; x_wconf 90' lang='lat' dir='ltr'>legat,</span> <span class='ocrx_word' id='word_1_73' title='bbox 994 1125 1058 1168; x_wconf 94' lang='lat' dir='ltr'>non</span> <span class='ocrx_word' id='word_1_74' title='bbox 1080 1105 1212 1168; x_wconf 91' lang='lat' dir='ltr'>multum</span> <span class='ocrx_word' id='word_1_75' title='bbox 1235 1105 1315 1171; x_wconf 87' lang='lat' dir='ltr'>desi-</span> 
     </span>
     <span class='ocr_line' id='line_1_10' title="bbox 249 1207 1312 1292; baseline 0.001 -19"><span class='ocrx_word' id='word_1_76' title='bbox 249 1225 265 1273; x_wconf 84' lang='lat'>4</span> <span class='ocrx_word' id='word_1_77' title='bbox 283 1207 407 1273; x_wconf 88' lang='lat' dir='ltr'>derabit</span> <span class='ocrx_word' id='word_1_78' title='bbox 428 1207 590 1272; x_wconf 82' lang='lat' dir='ltr'><strong>historiam</strong></span> <span class='ocrx_word' id='word_1_79' title='bbox 613 1213 794 1272; x_wconf 82' lang='lat' dir='ltr'>contextam</span> <span class='ocrx_word' id='word_1_80' title='bbox 816 1227 924 1272; x_wconf 85' lang='lat' dir='ltr'>eorum</span> <span class='ocrx_word' id='word_1_81' title='bbox 946 1214 1130 1292; x_wconf 87' lang='lat' dir='ltr'>temporum.</span> <span class='ocrx_word' id='word_1_82' title='bbox 1155 1209 1207 1274; x_wconf 84' lang='lat' dir='ltr'>Sic</span> <span class='ocrx_word' id='word_1_83' title='bbox 1229 1209 1312 1274; x_wconf 91' lang='lat' dir='ltr'>enim</span> 
     </span>
    </p>
   </div>
   <div class='ocr_carea' id='block_1_3' title="bbox 283 1310 1318 1395">
    <p class='ocr_par' dir='ltr' id='par_1_3' title="bbox 283 1310 1435 1404">
     <span class='ocr_line' id='line_1_11' title="bbox 283 1310 1318 1395; baseline -0.001 -18"><span class='ocrx_word' id='word_1_84' title='bbox 283 1311 389 1377; x_wconf 91' lang='lat' dir='ltr'>omnia</span> <span class='ocrx_word' id='word_1_85' title='bbox 414 1311 455 1376; x_wconf 87' lang='lat' dir='ltr'>dc</span> <span class='ocrx_word' id='word_1_86' title='bbox 477 1311 589 1377; x_wconf 90' lang='lat' dir='ltr'>studiis</span> <span class='ocrx_word' id='word_1_87' title='bbox 611 1311 798 1395; x_wconf 82' lang='lat' dir='ltr'>principum,</span> <span class='ocrx_word' id='word_1_88' title='bbox 826 1311 912 1376; x_wconf 84' lang='lat' dir='ltr'>vitiis</span> <span class='ocrx_word' id='word_1_89' title='bbox 938 1310 1062 1392; x_wconf 91' lang='lat' dir='ltr'>ducum,</span> <span class='ocrx_word' id='word_1_90' title='bbox 1090 1312 1318 1377; x_wconf 78' lang='lat' dir='ltr'>mutationibus</span> 
     </span>
    </p>
   </div>
   <div class='ocr_carea' id='block_1_4' title="bbox 141 1414 1435 2633">
    <p class='ocr_par' dir='ltr' id='par_1_4' title="bbox 141 1414 1435 2633">
     <span class='ocr_line' id='line_1_12' title="bbox 282 1414 1316 1500; baseline 0 -21"><span class='ocrx_word' id='word_1_91' title='bbox 282 1415 328 1480; x_wconf 90' lang='lat' dir='ltr'>rei</span> <span class='ocrx_word' id='word_1_92' title='bbox 350 1414 495 1499; x_wconf 90' lang='lat' dir='ltr'>publicae</span> <span class='ocrx_word' id='word_1_93' title='bbox 518 1415 691 1500; x_wconf 91' lang='lat' dir='ltr'>perscripta</span> <span class='ocrx_word' id='word_1_94' title='bbox 714 1420 797 1494; x_wconf 87' lang='lat' dir='ltr'>sunt,</span> <span class='ocrx_word' id='word_1_95' title='bbox 820 1420 855 1479; x_wconf 90' lang='lat' dir='ltr'>ut</span> <span class='ocrx_word' id='word_1_96' title='bbox 873 1414 952 1478; x_wconf 93' lang='lat' dir='ltr'>nihil</span> <span class='ocrx_word' id='word_1_97' title='bbox 974 1414 1007 1478; x_wconf 91' lang='lat' dir='ltr'>in</span> <span class='ocrx_word' id='word_1_98' title='bbox 1023 1415 1069 1479; x_wconf 88' lang='lat' dir='ltr'>cis</span> <span class='ocrx_word' id='word_1_99' title='bbox 1084 1434 1148 1479; x_wconf 93' lang='lat' dir='ltr'>non</span> <span class='ocrx_word' id='word_1_100' title='bbox 1162 1423 1316 1499; x_wconf 79' lang='lat' dir='ltr'>appareat</span> 
     </span>
     <span class='ocr_line' id='line_1_13' title="bbox 283 1516 1317 1601; baseline 0 -19"><span class='ocrx_word' id='word_1_101' title='bbox 283 1524 315 1582; x_wconf 89' lang='lat' dir='ltr'>et</span> <span class='ocrx_word' id='word_1_102' title='bbox 336 1517 429 1582; x_wconf 87' lang='lat' dir='ltr'>facile</span> <span class='ocrx_word' id='word_1_103' title='bbox 452 1517 625 1583; x_wconf 89' lang='lat' dir='ltr'>existimari</span> <span class='ocrx_word' id='word_1_104' title='bbox 647 1517 746 1601; x_wconf 80' lang='lat' dir='ltr'>possit</span> <span class='ocrx_word' id='word_1_105' title='bbox 767 1516 967 1601; x_wconf 89' lang='lat' dir='ltr'>prudentiam</span> <span class='ocrx_word' id='word_1_106' title='bbox 987 1516 1122 1598; x_wconf 91' lang='lat' dir='ltr'>quodam</span> <span class='ocrx_word' id='word_1_107' title='bbox 1137 1517 1230 1582; x_wconf 94' lang='lat' dir='ltr'>modo</span> <span class='ocrx_word' id='word_1_108' title='bbox 1246 1538 1317 1583; x_wconf 89' lang='lat' dir='ltr'>esse</span> 
     </span>
     <span class='ocr_line' id='line_1_14' title="bbox 283 1620 1319 1702; baseline 0.002 -18"><span class='ocrx_word' id='word_1_109' title='bbox 283 1620 519 1686; x_wconf 82' lang='lat' dir='ltr'>divinationem.</span> <span class='ocrx_word' id='word_1_110' title='bbox 550 1621 624 1686; x_wconf 91' lang='lat' dir='ltr'>Non</span> <span class='ocrx_word' id='word_1_111' title='bbox 647 1621 731 1684; x_wconf 90' lang='lat' dir='ltr'>enim</span> <span class='ocrx_word' id='word_1_112' title='bbox 755 1620 863 1686; x_wconf 84' lang='lat' dir='ltr'>Cicero</span> <span class='ocrx_word' id='word_1_113' title='bbox 886 1639 925 1684; x_wconf 88' lang='lat' dir='ltr'>ea</span> <span class='ocrx_word' id='word_1_114' title='bbox 946 1620 1056 1701; x_wconf 89' lang='lat' dir='ltr'>solum,</span> <span class='ocrx_word' id='word_1_115' title='bbox 1081 1640 1161 1702; x_wconf 88' lang='lat' dir='ltr'>quae</span> <span class='ocrx_word' id='word_1_116' title='bbox 1183 1621 1256 1686; x_wconf 88' lang='lat' dir='ltr'>vivo</span> <span class='ocrx_word' id='word_1_117' title='bbox 1280 1641 1319 1686; x_wconf 87' lang='lat' dir='ltr'>se</span> 
     </span>
     <span class='ocr_line' id='line_1_15' title="bbox 283 1722 1315 1808; baseline 0.002 -20"><span class='ocrx_word' id='word_1_118' title='bbox 283 1723 475 1806; x_wconf 90' lang='lat' dir='ltr'>acciderunt,</span> <span class='ocrx_word' id='word_1_119' title='bbox 501 1724 607 1789; x_wconf 85' lang='lat' dir='ltr'>futura</span> <span class='ocrx_word' id='word_1_120' title='bbox 628 1723 797 1808; x_wconf 82' lang='lat' dir='ltr'>praedixit,</span> <span class='ocrx_word' id='word_1_121' title='bbox 825 1722 1009 1804; x_wconf 91' lang='lat' dir='ltr'>sedetiam,</span> <span class='ocrx_word' id='word_1_122' title='bbox 1038 1743 1119 1806; x_wconf 92' lang='lat' dir='ltr'>quae</span> <span class='ocrx_word' id='word_1_123' title='bbox 1145 1743 1230 1789; x_wconf 89' lang='lat' dir='ltr'>nunc</span> <span class='ocrx_word' id='word_1_124' title='bbox 1255 1744 1315 1790; x_wconf 90' lang='lat' dir='ltr'>usn</span> 
     </span>
     <span class='ocr_line' id='line_1_16' title="bbox 264 1822 739 1909; baseline -0.004 -17"><span class='ocrx_word' id='word_1_125' title='bbox 264 1822 424 1909; x_wconf 68' lang='lat' dir='ltr'>ueniunt,</span> <span class='ocrx_word' id='word_1_126' title='bbox 448 1828 562 1893; x_wconf 91' lang='lat' dir='ltr'>cecinit</span> <span class='ocrx_word' id='word_1_127' title='bbox 583 1833 618 1892; x_wconf 92' lang='lat' dir='ltr'>ut</span> <span class='ocrx_word' id='word_1_128' title='bbox 639 1835 739 1893; x_wconf 86' lang='lat' dir='ltr'>vates.</span> 
     </span>
     <span class='ocr_line' id='line_1_17' title="bbox 219 1931 1318 2016; baseline 0 -20"><span class='ocrx_word' id='word_1_129' title='bbox 219 1935 270 1996; x_wconf 71' lang='lat'>&#39;17</span> <span class='ocrx_word' id='word_1_130' title='bbox 387 1933 436 1996; x_wconf 93' lang='lat' dir='ltr'>De</span> <span class='ocrx_word' id='word_1_131' title='bbox 457 1931 575 2016; x_wconf 90' lang='lat' dir='ltr'>pietate</span> <span class='ocrx_word' id='word_1_132' title='bbox 597 1936 702 1996; x_wconf 91' lang='lat' dir='ltr'>autem</span> <span class='ocrx_word' id='word_1_133' title='bbox 725 1931 821 1996; x_wconf 82' lang='lat' dir='ltr'>Attici</span> <span class='ocrx_word' id='word_1_134' title='bbox 844 1931 918 2013; x_wconf 87' lang='lat' dir='ltr'>qnid</span> <span class='ocrx_word' id='word_1_135' title='bbox 941 1932 1031 2015; x_wconf 89' lang='lat' dir='ltr'>plura</span> <span class='ocrx_word' id='word_1_136' title='bbox 1053 1935 1318 1997; x_wconf 81' lang='lat' dir='ltr'>commemorem?</span> 
     </span>
     <span class='ocr_line' id='line_1_18' title="bbox 141 2035 1317 2118; baseline -0.001 -18"><span class='ocrx_word' id='word_1_137' title='bbox 141 2057 232 2100; x_wconf 61' lang='lat' dir='ltr'>aaa.</span> <span class='ocrx_word' id='word_1_138' title='bbox 287 2057 357 2100; x_wconf 89' lang='lat' dir='ltr'>cum</span> <span class='ocrx_word' id='word_1_139' title='bbox 379 2035 438 2100; x_wconf 94' lang='lat' dir='ltr'>hoc</span> <span class='ocrx_word' id='word_1_140' title='bbox 460 2035 564 2118; x_wconf 93' lang='lat' dir='ltr'>ipsum</span> <span class='ocrx_word' id='word_1_141' title='bbox 586 2053 661 2100; x_wconf 86' lang='lat' dir='ltr'>vere</span> <span class='ocrx_word' id='word_1_142' title='bbox 682 2035 867 2118; x_wconf 86' lang='lat' dir='ltr'>gloriantem</span> <span class='ocrx_word' id='word_1_143' title='bbox 889 2035 1042 2100; x_wconf 89' lang='lat' dir='ltr'>audierim</span> <span class='ocrx_word' id='word_1_144' title='bbox 1063 2035 1097 2100; x_wconf 95' lang='lat' dir='ltr'>in</span> <span class='ocrx_word' id='word_1_145' title='bbox 1120 2035 1229 2100; x_wconf 86' lang='lat' dir='ltr'>funere</span> <span class='ocrx_word' id='word_1_146' title='bbox 1251 2056 1317 2100; x_wconf 91' lang='lat' dir='ltr'>ma-</span> 
     </span>
     <span class='ocr_line' id='line_1_19' title="bbox 286 2138 1435 2242; baseline 0 -40"><span class='ocrx_word' id='word_1_147' title='bbox 286 2140 341 2204; x_wconf 87' lang='lat' dir='ltr'>tris</span> <span class='ocrx_word' id='word_1_148' title='bbox 364 2158 449 2218; x_wconf 90' lang='lat' dir='ltr'>suae,</span> <span class='ocrx_word' id='word_1_149' title='bbox 477 2158 571 2219; x_wconf 92' lang='lat' dir='ltr'>quam</span> <span class='ocrx_word' id='word_1_150' title='bbox 595 2138 707 2203; x_wconf 89' lang='lat' dir='ltr'>extulit</span> <span class='ocrx_word' id='word_1_151' title='bbox 728 2158 883 2203; x_wconf 90' lang='lat' dir='ltr'>annorum</span> <span class='ocrx_word' id='word_1_152' title='bbox 905 2161 953 2220; x_wconf 87' lang='lat' dir='ltr'>xc,</span> <span class='ocrx_word' id='word_1_153' title='bbox 982 2158 1053 2203; x_wconf 91' lang='lat' dir='ltr'>cum</span> <span class='ocrx_word' id='word_1_154' title='bbox 1075 2138 1144 2222; x_wconf 86' lang='lat' dir='ltr'>ipse</span> <span class='ocrx_word' id='word_1_155' title='bbox 1166 2145 1249 2204; x_wconf 88' lang='lat' dir='ltr'>esset</span> <span class='ocrx_word' id='word_1_156' title='bbox 1270 2163 1317 2203; x_wconf 79' lang='lat' dir='ltr'>vu</span> <span class='ocrx_word' id='word_1_157' title='bbox 1434 2213 1435 2242; x_wconf 81' lang='lat'>,</span> 
     </span>
     <span class='ocr_line' id='line_1_20' title="bbox 251 2241 1435 2324; baseline -0.001 -17"><span class='ocrx_word' id='word_1_158' title='bbox 251 2241 254 2247; x_wconf 80' lang='grc'><strong>’</strong></span> <span class='ocrx_word' id='word_1_159' title='bbox 285 2249 316 2307; x_wconf 90' lang='lat' dir='ltr'>et</span> <span class='ocrx_word' id='word_1_160' title='bbox 338 2264 387 2322; x_wconf 79' lang='lat' dir='ltr'>nx,</span> <span class='ocrx_word' id='word_1_161' title='bbox 410 2259 444 2306; x_wconf 91' lang='lat' dir='ltr'>se</span> <span class='ocrx_word' id='word_1_162' title='bbox 466 2261 637 2323; x_wconf 89' lang='lat' dir='ltr'>numquam</span> <span class='ocrx_word' id='word_1_163' title='bbox 660 2261 731 2306; x_wconf 91' lang='lat' dir='ltr'>cum</span> <span class='ocrx_word' id='word_1_164' title='bbox 753 2248 852 2306; x_wconf 90' lang='lat' dir='ltr'>matre</span> <span class='ocrx_word' id='word_1_165' title='bbox 874 2242 907 2306; x_wconf 93' lang='lat' dir='ltr'>in</span> <span class='ocrx_word' id='word_1_166' title='bbox 927 2242 1062 2324; x_wconf 85' lang='lat' dir='ltr'>gratiam</span> <span class='ocrx_word' id='word_1_167' title='bbox 1077 2241 1205 2322; x_wconf 84' lang='lat' dir='ltr'>redisse,</span> <span class='ocrx_word' id='word_1_168' title='bbox 1229 2261 1319 2306; x_wconf 89' lang='lat' dir='ltr'>num-</span> <span class='ocrx_word' id='word_1_169' title='bbox 1434 2243 1435 2254; x_wconf 48' lang='lat'>³</span> 
     </span>
     <span class='ocr_line' id='line_1_21' title="bbox 285 2343 1318 2428; baseline 0 -19"><span class='ocrx_word' id='word_1_170' title='bbox 285 2365 379 2428; x_wconf 89' lang='lat' dir='ltr'>quam</span> <span class='ocrx_word' id='word_1_171' title='bbox 403 2364 472 2408; x_wconf 89' lang='lat' dir='ltr'>cum</span> <span class='ocrx_word' id='word_1_172' title='bbox 496 2363 600 2409; x_wconf 88' lang='lat' dir='ltr'>sorore</span> <span class='ocrx_word' id='word_1_173' title='bbox 621 2343 720 2410; x_wconf 83' lang='lat' dir='ltr'>fuisse</span> <span class='ocrx_word' id='word_1_174' title='bbox 741 2345 774 2408; x_wconf 93' lang='lat' dir='ltr'>in</span> <span class='ocrx_word' id='word_1_175' title='bbox 790 2344 958 2425; x_wconf 88' lang='lat' dir='ltr'>simultate,</span> <span class='ocrx_word' id='word_1_176' title='bbox 982 2364 1077 2426; x_wconf 88' lang='lat' dir='ltr'>quam</span> <span class='ocrx_word' id='word_1_177' title='bbox 1092 2364 1189 2428; x_wconf 86' lang='lat' dir='ltr'>prope</span> <span class='ocrx_word' id='word_1_178' title='bbox 1204 2365 1318 2427; x_wconf 88' lang='lat' dir='ltr'>aequa-</span> 
     </span>
     <span class='ocr_line' id='line_1_22' title="bbox 251 2446 1316 2531; baseline -0.007 -14"><span class='ocrx_word' id='word_1_179' title='bbox 251 2449 347 2518; x_wconf 85' lang='lat' dir='ltr'>alem</span> <span class='ocrx_word' id='word_1_180' title='bbox 380 2446 527 2512; x_wconf 91' lang='lat' dir='ltr'>babebat.</span> <span class='ocrx_word' id='word_1_181' title='bbox 573 2446 664 2523; x_wconf 77' lang='lat' dir='ltr'>Quod</span> <span class='ocrx_word' id='word_1_182' title='bbox 701 2453 750 2513; x_wconf 90' lang='lat' dir='ltr'>est</span> <span class='ocrx_word' id='word_1_183' title='bbox 782 2448 907 2531; x_wconf 88' lang='lat' dir='ltr'>signum</span> <span class='ocrx_word' id='word_1_184' title='bbox 936 2456 990 2512; x_wconf 91' lang='lat' dir='ltr'>aut</span> <span class='ocrx_word' id='word_1_185' title='bbox 1018 2448 1137 2511; x_wconf 90' lang='lat' dir='ltr'>nullam</span> <span class='ocrx_word' id='word_1_186' title='bbox 1166 2467 1316 2528; x_wconf 91' lang='lat' dir='ltr'>umquam</span> 
     </span>
     <span class='ocr_line' id='line_1_23' title="bbox 285 2549 1320 2633; baseline 0.001 -17"><span class='ocrx_word' id='word_1_187' title='bbox 285 2551 367 2616; x_wconf 91' lang='lat' dir='ltr'>inter</span> <span class='ocrx_word' id='word_1_188' title='bbox 393 2570 446 2616; x_wconf 88' lang='lat' dir='ltr'>ecs</span> <span class='ocrx_word' id='word_1_189' title='bbox 474 2549 699 2633; x_wconf 91' lang='lat' dir='ltr'>querimoniam</span> <span class='ocrx_word' id='word_1_190' title='bbox 726 2551 940 2616; x_wconf 85' lang='lat' dir='ltr'>intercessisse</span> <span class='ocrx_word' id='word_1_191' title='bbox 967 2558 1022 2615; x_wconf 90' lang='lat' dir='ltr'>aut</span> <span class='ocrx_word' id='word_1_192' title='bbox 1048 2550 1132 2630; x_wconf 82' lang='lat' dir='ltr'>hunc</span> <span class='ocrx_word' id='word_1_193' title='bbox 1159 2571 1198 2615; x_wconf 86' lang='lat' dir='ltr'>ea</span> <span class='ocrx_word' id='word_1_194' title='bbox 1218 2550 1320 2616; x_wconf 84' lang='lat' dir='ltr'>fuisse</span> 
     </span>
    </p>
   </div>
   <div class='ocr_carea' id='block_1_5' title="bbox 285 2653 1435 2750">
    <p class='ocr_par' dir='ltr' id='par_1_5' title="bbox 285 2653 1435 2750">
     <span class='ocr_line' id='line_1_24' title="bbox 285 2653 1435 2750; baseline -0.002 -29"><span class='ocrx_word' id='word_1_195' title='bbox 285 2657 319 2721; x_wconf 93' lang='lat' dir='ltr'>in</span> <span class='ocrx_word' id='word_1_196' title='bbox 346 2675 418 2720; x_wconf 89' lang='lat' dir='ltr'>suos</span> <span class='ocrx_word' id='word_1_197' title='bbox 444 2654 651 2738; x_wconf 84' lang='lat' dir='ltr'>indulgentia,</span> <span class='ocrx_word' id='word_1_198' title='bbox 678 2660 722 2735; x_wconf 90' lang='lat' dir='ltr'>ut,</span> <span class='ocrx_word' id='word_1_199' title='bbox 751 2673 829 2737; x_wconf 92' lang='lat' dir='ltr'>quos</span> <span class='ocrx_word' id='word_1_200' title='bbox 854 2673 960 2719; x_wconf 89' lang='lat' dir='ltr'>amare</span> <span class='ocrx_word' id='word_1_201' title='bbox 987 2653 1127 2736; x_wconf 88' lang='lat' dir='ltr'>deberet,</span> <span class='ocrx_word' id='word_1_202' title='bbox 1155 2653 1248 2719; x_wconf 89' lang='lat' dir='ltr'>irasci</span> <span class='ocrx_word' id='word_1_203' title='bbox 1271 2655 1319 2744; x_wconf 83' lang='lat' dir='ltr'>eis</span> <span class='ocrx_word' id='word_1_204' title='bbox 1434 2737 1435 2750; x_wconf 10' lang='grc' dir='ltr'>χ</span> 
     </span>
    </p>
   </div>
   <div class='ocr_carea' id='block_1_6' title="bbox 252 2756 1316 2840">
    <p class='ocr_par' dir='ltr' id='par_1_6' title="bbox 252 2756 1316 2840">
     <span class='ocr_line' id='line_1_25' title="bbox 252 2756 1316 2840; baseline -0.005 -13"><span class='ocrx_word' id='word_1_205' title='bbox 252 2779 267 2827; x_wconf 83' lang='lat' dir='ltr'>a</span> <span class='ocrx_word' id='word_1_206' title='bbox 286 2758 376 2823; x_wconf 88' lang='lat' dir='ltr'>nefas</span> <span class='ocrx_word' id='word_1_207' title='bbox 399 2757 535 2823; x_wconf 91' lang='lat' dir='ltr'>duceret.</span> <span class='ocrx_word' id='word_1_208' title='bbox 570 2758 682 2840; x_wconf 88' lang='lat' dir='ltr'>Neque</span> <span class='ocrx_word' id='word_1_209' title='bbox 703 2756 737 2821; x_wconf 93' lang='lat' dir='ltr'>id</span> <span class='ocrx_word' id='word_1_210' title='bbox 759 2757 834 2821; x_wconf 81' lang='lat' dir='ltr'>fecit</span> <span class='ocrx_word' id='word_1_211' title='bbox 856 2763 969 2821; x_wconf 89' lang='lat' dir='ltr'>natura</span> <span class='ocrx_word' id='word_1_212' title='bbox 991 2758 1101 2837; x_wconf 88' lang='lat' dir='ltr'>solnm,</span> <span class='ocrx_word' id='word_1_213' title='bbox 1126 2777 1316 2838; x_wconf 88' lang='lat' dir='ltr'>quamquam</span> 
     </span>
    </p>
   </div>
   <div class='ocr_carea' id='block_1_7' title="bbox 286 2859 1435 2944">
    <p class='ocr_par' dir='ltr' id='par_1_7' title="bbox 286 2859 1435 2944">
     <span class='ocr_line' id='line_1_26' title="bbox 286 2859 1435 2944; baseline -0.007 -18"><span class='ocrx_word' id='word_1_214' title='bbox 286 2881 394 2926; x_wconf 88' lang='lat' dir='ltr'>omnes</span> <span class='ocrx_word' id='word_1_215' title='bbox 417 2860 447 2925; x_wconf 93' lang='lat' dir='ltr'>ei</span> <span class='ocrx_word' id='word_1_216' title='bbox 468 2880 624 2944; x_wconf 89' lang='lat' dir='ltr'>paremus,</span> <span class='ocrx_word' id='word_1_217' title='bbox 652 2859 708 2925; x_wconf 90' lang='lat' dir='ltr'>sed</span> <span class='ocrx_word' id='word_1_218' title='bbox 732 2860 826 2924; x_wconf 91' lang='lat' dir='ltr'>etiam</span> <span class='ocrx_word' id='word_1_219' title='bbox 849 2859 999 2924; x_wconf 91' lang='lat' dir='ltr'>doctrina.</span> <span class='ocrx_word' id='word_1_220' title='bbox 1034 2860 1118 2924; x_wconf 89' lang='lat' dir='ltr'>Nam</span> <span class='ocrx_word' id='word_1_221' title='bbox 1140 2860 1319 2943; x_wconf 90' lang='lat' dir='ltr'>principum</span> <span class='ocrx_word' id='word_1_222' title='bbox 1434 2877 1435 2918; x_wconf 61' lang='grc' dir='ltr'>ι</span> 
     </span>
    </p>
   </div>
   <div class='ocr_carea' id='block_1_8' title="bbox 235 2963 1435 3875">
    <p class='ocr_par' dir='ltr' id='par_1_8' title="bbox 235 2963 1435 3875">
     <span class='ocr_line' id='line_1_27' title="bbox 286 2963 1319 3049; baseline -0.002 -21"><span class='ocrx_word' id='word_1_223' title='bbox 286 2963 540 3049; x_wconf 92' lang='lat' dir='ltr'>philosophorum</span> <span class='ocrx_word' id='word_1_224' title='bbox 562 2965 607 3028; x_wconf 90' lang='lat' dir='ltr'>ita</span> <span class='ocrx_word' id='word_1_225' title='bbox 628 2972 777 3048; x_wconf 83' lang='lat' dir='ltr'>percepta</span> <span class='ocrx_word' id='word_1_226' title='bbox 799 2963 910 3028; x_wconf 91' lang='lat' dir='ltr'>babuit</span> <span class='ocrx_word' id='word_1_227' title='bbox 937 2970 1115 3047; x_wconf 89' lang='lat' dir='ltr'>praecepta,</span> <span class='ocrx_word' id='word_1_228' title='bbox 1142 2969 1178 3027; x_wconf 92' lang='lat' dir='ltr'>ut</span> <span class='ocrx_word' id='word_1_229' title='bbox 1205 2963 1250 3028; x_wconf 85' lang='lat' dir='ltr'>eis</span> <span class='ocrx_word' id='word_1_230' title='bbox 1277 2963 1319 3026; x_wconf 88' lang='lat' dir='ltr'>ad</span> 
     </span>
     <span class='ocr_line' id='line_1_28' title="bbox 287 3047 1435 3150; baseline -0.003 -18"><span class='ocrx_word' id='word_1_231' title='bbox 287 3068 385 3132; x_wconf 89' lang='lat' dir='ltr'>vitam</span> <span class='ocrx_word' id='word_1_232' title='bbox 407 3066 575 3150; x_wconf 83' lang='lat' dir='ltr'>agendam,</span> <span class='ocrx_word' id='word_1_233' title='bbox 598 3087 662 3131; x_wconf 92' lang='lat' dir='ltr'>non</span> <span class='ocrx_word' id='word_1_234' title='bbox 685 3067 726 3130; x_wconf 90' lang='lat' dir='ltr'>ad</span> <span class='ocrx_word' id='word_1_235' title='bbox 749 3066 990 3132; x_wconf 89' lang='lat' dir='ltr'>ostentationem</span> <span class='ocrx_word' id='word_1_236' title='bbox 1013 3072 1161 3131; x_wconf 88' lang='lat' dir='ltr'>uteretur.</span> <span class='ocrx_word' id='word_1_237' title='bbox 1434 3047 1435 3076; x_wconf 53' lang='lat'><em>³</em></span> 
     </span>
     <span class='ocr_line' id='line_1_29' title="bbox 235 3168 1322 3250; baseline 0.001 -19"><span class='ocrx_word' id='word_1_238' title='bbox 235 3179 270 3232; x_wconf 81' lang='lat'>18</span> <span class='ocrx_word' id='word_1_239' title='bbox 390 3169 484 3234; x_wconf 83' lang='lat' dir='ltr'>Moris</span> <span class='ocrx_word' id='word_1_240' title='bbox 508 3170 602 3234; x_wconf 90' lang='lat' dir='ltr'>etiam</span> <span class='ocrx_word' id='word_1_241' title='bbox 624 3170 776 3234; x_wconf 91' lang='lat' dir='ltr'>maiorum</span> <span class='ocrx_word' id='word_1_242' title='bbox 798 3189 938 3234; x_wconf 91' lang='lat' dir='ltr'>summus</span> <span class='ocrx_word' id='word_1_243' title='bbox 960 3168 1097 3234; x_wconf 84' lang='lat' dir='ltr'>imitator</span> <span class='ocrx_word' id='word_1_244' title='bbox 1111 3168 1172 3232; x_wconf 88' lang='lat' dir='ltr'>fuit</span> <span class='ocrx_word' id='word_1_245' title='bbox 1186 3168 1322 3250; x_wconf 87' lang='lat' dir='ltr'>antiqui-</span> 
     </span>
     <span class='ocr_line' id='line_1_30' title="bbox 287 3271 1322 3356; baseline -0.002 -18"><span class='ocrx_word' id='word_1_246' title='bbox 287 3274 423 3355; x_wconf 89' lang='lat' dir='ltr'>tatisque</span> <span class='ocrx_word' id='word_1_247' title='bbox 445 3279 579 3356; x_wconf 91' lang='lat' dir='ltr'>amator;</span> <span class='ocrx_word' id='word_1_248' title='bbox 607 3293 701 3355; x_wconf 91' lang='lat' dir='ltr'>quam</span> <span class='ocrx_word' id='word_1_249' title='bbox 723 3272 803 3338; x_wconf 91' lang='lat' dir='ltr'>adeo</span> <span class='ocrx_word' id='word_1_250' title='bbox 827 3271 994 3356; x_wconf 89' lang='lat' dir='ltr'>diligenter</span> <span class='ocrx_word' id='word_1_251' title='bbox 1016 3271 1127 3338; x_wconf 89' lang='lat' dir='ltr'>habuit</span> <span class='ocrx_word' id='word_1_252' title='bbox 1150 3273 1322 3355; x_wconf 90' lang='lat' dir='ltr'>cognitam,</span> 
     </span>
     <span class='ocr_line' id='line_1_31' title="bbox 287 3374 1323 3458; baseline -0.001 -17"><span class='ocrx_word' id='word_1_253' title='bbox 287 3383 322 3441; x_wconf 90' lang='lat' dir='ltr'>ut</span> <span class='ocrx_word' id='word_1_254' title='bbox 345 3397 415 3441; x_wconf 91' lang='lat' dir='ltr'>eam</span> <span class='ocrx_word' id='word_1_255' title='bbox 437 3383 535 3441; x_wconf 92' lang='lat' dir='ltr'>totam</span> <span class='ocrx_word' id='word_1_256' title='bbox 549 3376 582 3440; x_wconf 93' lang='lat' dir='ltr'>in</span> <span class='ocrx_word' id='word_1_257' title='bbox 598 3396 635 3441; x_wconf 92' lang='lat' dir='ltr'>eo</span> <span class='ocrx_word' id='word_1_258' title='bbox 650 3376 809 3440; x_wconf 84' lang='lat' dir='ltr'>volumine</span> <span class='ocrx_word' id='word_1_259' title='bbox 825 3375 1015 3458; x_wconf 87' lang='lat' dir='ltr'>exposuerit,</span> <span class='ocrx_word' id='word_1_260' title='bbox 1039 3393 1100 3456; x_wconf 91' lang='lat' dir='ltr'>quo</span> <span class='ocrx_word' id='word_1_261' title='bbox 1116 3374 1323 3457; x_wconf 86' lang='lat' dir='ltr'>magistratus</span> 
     </span>
     <span class='ocr_line' id='line_1_32' title="bbox 254 3477 1324 3561; baseline 0.001 -21"><span class='ocrx_word' id='word_1_262' title='bbox 254 3478 453 3544; x_wconf 83' lang='lat' dir='ltr'>aordinavit.</span> <span class='ocrx_word' id='word_1_263' title='bbox 491 3479 586 3542; x_wconf 83' lang='lat' dir='ltr'>Nulla</span> <span class='ocrx_word' id='word_1_264' title='bbox 609 3477 692 3542; x_wconf 88' lang='lat' dir='ltr'>enim</span> <span class='ocrx_word' id='word_1_265' title='bbox 715 3479 767 3543; x_wconf 90' lang='lat' dir='ltr'>lex</span> <span class='ocrx_word' id='word_1_266' title='bbox 790 3497 893 3560; x_wconf 89' lang='lat' dir='ltr'>neque</span> <span class='ocrx_word' id='word_1_267' title='bbox 916 3497 980 3561; x_wconf 89' lang='lat' dir='ltr'>pax</span> <span class='ocrx_word' id='word_1_268' title='bbox 1003 3497 1106 3559; x_wconf 92' lang='lat' dir='ltr'>neque</span> <span class='ocrx_word' id='word_1_269' title='bbox 1129 3477 1245 3541; x_wconf 90' lang='lat' dir='ltr'>bellum</span> <span class='ocrx_word' id='word_1_270' title='bbox 1269 3497 1324 3542; x_wconf 88' lang='lat' dir='ltr'>ne-</span> 
     </span>
     <span class='ocr_line' id='line_1_33' title="bbox 290 3579 1325 3667; baseline -0.002 -20"><span class='ocrx_word' id='word_1_271' title='bbox 290 3602 350 3664; x_wconf 93' lang='lat' dir='ltr'>que</span> <span class='ocrx_word' id='word_1_272' title='bbox 371 3601 421 3648; x_wconf 76' lang='lat' dir='ltr'>ret</span> <span class='ocrx_word' id='word_1_273' title='bbox 444 3581 572 3647; x_wconf 91' lang='lat' dir='ltr'>illustris</span> <span class='ocrx_word' id='word_1_274' title='bbox 594 3588 642 3647; x_wconf 88' lang='lat' dir='ltr'>est</span> <span class='ocrx_word' id='word_1_275' title='bbox 664 3581 770 3667; x_wconf 92' lang='lat' dir='ltr'>populi</span> <span class='ocrx_word' id='word_1_276' title='bbox 792 3581 935 3661; x_wconf 88' lang='lat' dir='ltr'>Romani,</span> <span class='ocrx_word' id='word_1_277' title='bbox 959 3600 1040 3663; x_wconf 90' lang='lat' dir='ltr'>quae</span> <span class='ocrx_word' id='word_1_278' title='bbox 1063 3601 1125 3645; x_wconf 93' lang='lat' dir='ltr'>non</span> <span class='ocrx_word' id='word_1_279' title='bbox 1148 3579 1181 3644; x_wconf 94' lang='lat' dir='ltr'>in</span> <span class='ocrx_word' id='word_1_280' title='bbox 1205 3599 1242 3644; x_wconf 90' lang='lat' dir='ltr'>eo</span> <span class='ocrx_word' id='word_1_281' title='bbox 1265 3599 1325 3645; x_wconf 85' lang='lat' dir='ltr'>suo</span> 
     </span>
     <span class='ocr_line' id='line_1_34' title="bbox 290 3680 1325 3771; baseline -0.005 -21"><span class='ocrx_word' id='word_1_282' title='bbox 290 3693 429 3771; x_wconf 86' lang='lat' dir='ltr'>tempore</span> <span class='ocrx_word' id='word_1_283' title='bbox 452 3687 493 3750; x_wconf 92' lang='lat' dir='ltr'>sit</span> <span class='ocrx_word' id='word_1_284' title='bbox 515 3691 632 3767; x_wconf 88' lang='lat' dir='ltr'>notata,</span> <span class='ocrx_word' id='word_1_285' title='bbox 656 3690 697 3766; x_wconf 90' lang='lat' dir='ltr'>et,</span> <span class='ocrx_word' id='word_1_286' title='bbox 722 3684 805 3767; x_wconf 89' lang='lat' dir='ltr'>qnod</span> <span class='ocrx_word' id='word_1_287' title='bbox 829 3684 1047 3749; x_wconf 85' lang='lat' dir='ltr'>difficillimum</span> <span class='ocrx_word' id='word_1_288' title='bbox 1069 3682 1138 3763; x_wconf 85' lang='lat' dir='ltr'>fuit,</span> <span class='ocrx_word' id='word_1_289' title='bbox 1162 3681 1207 3748; x_wconf 89' lang='lat' dir='ltr'>sic</span> <span class='ocrx_word' id='word_1_290' title='bbox 1233 3680 1325 3746; x_wconf 86' lang='lat' dir='ltr'>lami-</span> 
     </span>
     <span class='ocr_line' id='line_1_35' title="bbox 290 3786 1325 3875; baseline -0.006 -20"><span class='ocrx_word' id='word_1_291' title='bbox 290 3791 402 3855; x_wconf 89' lang='lat' dir='ltr'>liarum</span> <span class='ocrx_word' id='word_1_292' title='bbox 429 3789 582 3875; x_wconf 88' lang='lat' dir='ltr'>originem</span> <span class='ocrx_word' id='word_1_293' title='bbox 610 3789 781 3871; x_wconf 85' lang='lat' dir='ltr'>subtexuit,</span> <span class='ocrx_word' id='word_1_294' title='bbox 811 3797 846 3855; x_wconf 91' lang='lat' dir='ltr'>nt</span> <span class='ocrx_word' id='word_1_295' title='bbox 873 3809 913 3854; x_wconf 89' lang='lat' dir='ltr'>ex</span> <span class='ocrx_word' id='word_1_296' title='bbox 941 3809 977 3855; x_wconf 93' lang='lat' dir='ltr'>eo</span> <span class='ocrx_word' id='word_1_297' title='bbox 1005 3789 1156 3853; x_wconf 90' lang='lat' dir='ltr'>clarorum</span> <span class='ocrx_word' id='word_1_298' title='bbox 1184 3786 1325 3850; x_wconf 83' lang='lat' dir='ltr'>virorum</span> 
     </span>
    </p>
   </div>
   <div class='ocr_carea' id='block_1_9' title="bbox 0 0 1455 4196">
    <p class='ocr_par' dir='ltr' id='par_1_9' title="bbox 0 0 1455 4196">
     <span class='ocr_line' id='line_1_36' title="bbox 0 0 1455 4196; baseline 0 0"><span class='ocrx_word' id='word_1_299' title='bbox 0 0 1455 4196; x_wconf 95' lang='lat' dir='ltr'> </span> 
     </span>
    </p>
   </div>
  </div>
 </body>
</html>
