2890 4196
402 215 509 269 xrnr.
528 212 708 269 nonanus.
730 215 878 270 11.12.13.
1117 196 1155 257 ll

124 409 321 474 congressus.
356 389 428 451 Non
452 387 536 451 enim
560 405 631 450 cum
654 405 812 468 quoquam
827 405 916 449 arma
931 384 1058 465 contuli,
1082 385 1158 466 quin

124 493 152 558 is
175 492 252 556 mihi
276 489 488 572 succubuerit,
512 508 597 553 nunc
619 507 681 554 non
705 487 820 552 virtute
843 486 988 567 hostium,
1006 485 1069 552 sed
1084 487 1158 551 ami-

123 615 231 662 corum
264 592 396 677 perfidia
430 587 553 656 decidi’.
598 592 647 655 De
676 589 736 654 hoo
765 590 943 674 Antigonus
973 610 1044 654 cum
1073 590 1157 654 solus
1176 597 1210 652 12

125 699 315 763 constituere
337 715 401 760 non
423 693 564 776 auderet,
587 692 628 758 ad
651 692 815 758 consilium
838 693 965 758 rettulit.
1011 692 1061 758 lbi
1088 711 1159 758 cum

124 820 234 875 omnes
264 798 365 884 primo
396 796 571 882 perturbati
604 796 833 860 admirarentur
864 816 928 862 non
957 795 1021 859 iam
1052 795 1092 859 de
1122 815 1159 860 eo

125 909 285 986 sumptum
309 920 378 966 esse
401 899 599 984 supplicium,
628 918 648 963 a
675 919 736 981 quo
762 905 808 962 tot
830 917 930 962 annos
952 898 1032 963 adeo
1055 904 1159 963 essent

124 1006 207 1070 male
228 1004 343 1084 habiti,
371 1009 406 1068 ut
432 1021 527 1087 saepe
555 1002 596 1066 ad
618 1000 869 1086 desperationem
892 1008 999 1066 essent
1020 1000 1158 1082 adducti,

125 1109 180 1192 qui
200 1109 355 1172 maximos
390 1106 486 1170 duces
519 1104 739 1185 interfecisset,
774 1104 909 1186 denique
942 1105 974 1168 in
1005 1123 1067 1186 quo
1096 1116 1192 1169 unos

125 1217 247 1277 tantum
271 1217 362 1291 esset,
387 1216 430 1291 ut,
455 1208 557 1291 quoad
580 1209 633 1273 ille
654 1208 785 1288 viveret,
808 1208 869 1291 ipsi
892 1208 992 1273 securi
1012 1227 1158 1273 essenon

125 1322 263 1400 possent,
286 1313 451 1378 interfecto
472 1312 551 1376 nihil
567 1310 703 1376 habituri
718 1311 837 1394 negotii
854 1318 967 1391 essent,
991 1318 1157 1394 postrem0,

124 1418 154 1484 si
175 1419 220 1483 illi
241 1417 387 1482 redderet
410 1417 553 1497 salutem,
578 1415 692 1497 quibus
714 1415 824 1479 amicis
847 1421 931 1479 esset
945 1435 1066 1495 usurus,
1089 1434 1159 1481 sese

124 1521 209 1586 enim
240 1541 310 1585 cum
332 1521 474 1584 Eumene
503 1517 589 1603 apud
621 1537 694 1582 eum
722 1538 786 1583 non
816 1517 950 1599 futmos,
981 1518 1192 1602 Antigonusa

123 1625 251 1708 cognita
274 1623 394 1688 consilii
416 1622 578 1687 voluntate
597 1627 704 1685 tamen
720 1620 876 1702 usquead
891 1620 1059 1703 septimum
1075 1621 1159 1686 diem

122 1718 321 1792 deliberandi
344 1726 405 1792 sibi
427 1725 563 1809 spatium
585 1724 720 1806 reliquit.
765 1725 847 1788 Turn
873 1733 979 1788 autem
1002 1743 1072 1788 curn
1094 1724 1158 1788 iam

124 1835 294 1909 vereretur,
317 1849 358 1893 ne
373 1847 435 1910 qua
450 1827 563 1893 seditio
586 1827 744 1891 exercitus
766 1833 914 1908 oreretur,
938 1826 1039 1891 vetuit
1054 1847 1158 1908 quern-

125 1953 220 2016 quam
249 1932 291 1996 ad
319 1951 391 1996 eum
417 1930 541 1995 admitti
565 1935 596 1994 et
628 1929 833 1994 cottidianum
861 1930 977 1993 victum
1005 1931 1158 1995 removeri

79 2099 80 2104 ,
125 2036 224 2101 iussit.
259 2035 343 2099 Nam
365 2034 505 2117 negabat
528 2053 562 2098 se
585 2033 615 2097 ei
637 2033 703 2097 vim
725 2033 901 2114 allaturum,
925 2033 974 2097 cui
988 2033 1158 2115 aliquando

125 2138 237 2204 fuisset
258 2138 390 2202 amicus.
418 2137 487 2202 Nec
509 2142 616 2200 tamen
638 2134 774 2220 amplius
798 2155 892 2216 quam
915 2134 1052 2200 triduum
1074 2137 1193 2201 famer
1216 2130 1220 2135 ’

125 2242 290 2326 fatigatus,
325 2260 395 2304 cum
430 2246 534 2304 eastra
567 2245 777 2319 moverentur,
812 2239 966 2304 insciente
998 2240 1157 2323 Antigono
1211 2265 1313 2309 enach.

126 2344 284 2427 iugulatus
307 2349 356 2408 est
377 2363 397 2407 a
421 2341 610 2432 custodibus.
1252 2405 1255 2409 .

229 2447 282 2511 Sic
303 2447 460 2510 Eumenes
483 2463 637 2509 annorum
658 2450 726 2509 vet
740 2469 789 2526 xn,
814 2464 885 2508 cum
906 2444 947 2508 ab
970 2465 1054 2509 anno
1077 2445 1211 2510 vice-13

126 2549 215 2630 simo,
230 2548 277 2613 uti
292 2568 386 2632 supra
401 2547 604 2627 ostendimus,
622 2571 663 2611 vn
678 2565 780 2612 annos
790 2546 937 2630 Philippo
952 2547 1158 2631 apparuisset,

127 2675 184 2714 xm
205 2650 292 2735 apud
313 2650 528 2715 Alexandrum
552 2649 687 2714 eundem
709 2651 812 2713 locum
835 2650 1031 2730 obtinuisset,
1054 2650 1087 2713 in
1109 2649 1159 2715 his

125 2774 224 2820 unum
252 2754 391 2837 equitum
418 2754 488 2817 alae
518 2752 717 2837 praefuisset,
751 2758 823 2836 post
852 2759 958 2817 autem
984 2753 1158 2818 Alexandri

127 2857 234 2942 Magni
262 2863 393 2921 mortem
421 2857 592 2939 imperator
613 2855 771 2920 exercitus
794 2853 938 2920 duxisset
960 2875 1159 2938 summosque

125 2959 224 3025 duces
246 2959 361 3043 partim
384 2959 567 3042 pepulisset,
590 2958 705 3042 partim
727 2958 946 3038 interfecisset,
970 2966 1081 3042 captus
1096 2979 1159 3025 non

127 3062 286 3146 Antigoni
302 3062 426 3143 virtute,
450 3060 507 3127 sed
529 3061 736 3126 Macedonum
759 3061 904 3144 periurio,
933 3062 1028 3126 talem
1050 3062 1159 3127 lrabnit

126 3165 248 3229 exitum
281 3165 374 3229 vitae.
419 3165 469 3230 De
503 3184 564 3247 qno
598 3171 716 3246 quanta
753 3163 891 3228 omnium
924 3163 1018 3228 fuerit
1055 3165 1194 3248 opinion

126 3287 245 3348 eorum,
269 3268 323 3349 qui
344 3273 416 3352 post
434 3267 651 3333 Alexandrum
673 3267 824 3349 Magnum
846 3287 939 3351 reges
961 3274 1034 3332 sunt
1056 3269 1160 3352 appel-

127 3371 198 3451 lati,
232 3390 272 3434 ex
307 3370 367 3434 lroc
402 3371 550 3436 facillime
585 3377 687 3454 potest
721 3370 871 3450 iudicari,
902 3370 998 3452 quod,
1030 3387 1193 3453 quorunre

128 3493 220 3539 nemo
244 3474 386 3538 Eumene
409 3476 482 3538 vivo
505 3495 562 3538 rex
583 3475 759 3557 appellatus
783 3481 839 3554 est,
862 3475 885 3539 ii
907 3481 978 3558 post
999 3474 1091 3539 huius
1113 3496 1159 3539 oc-

126 3596 236 3641 casum
270 3577 376 3640 statim
413 3577 534 3661 regium
572 3583 715 3641 ornatum
750 3577 928 3658 nomenque
961 3586 1160 3660 sumpserunt

128 3677 241 3762 neque,
278 3679 362 3761 quod
394 3681 483 3745 initio
517 3678 747 3764 praedicarant,
780 3679 955 3744 Alexandri
986 3679 1092 3744 liberis
1126 3701 1159 3744 sc

127 3801 260 3866 regnum
290 3803 426 3864 servare,
458 3790 618 3867 praestare
649 3783 812 3846 voluerunt
837 3790 867 3847 et
890 3784 942 3848 illo
965 3803 1027 3848 uno
1050 3803 1159 3866 propu-
