2890 4196
431 217 538 272 xxm.
558 217 766 272 ultumum.
787 222 843 274 ar.
855 225 879 275 5.
1132 203 1173 267 89

138 392 259 471 muniit,
284 392 398 472 effecit,
421 398 456 456 ut
479 411 517 456 ea
540 383 727 476 elephantus
750 399 878 457 ornatus
900 393 946 457 ire
967 399 1083 477 posset,
1112 413 1174 476 qua

138 507 232 560 antea
255 515 336 559 unus
359 495 451 558 horno
474 495 603 558 inermis
626 495 681 558 vix
704 501 827 578 poterat
849 514 968 580 repere.
995 498 1045 562 Ita
1069 497 1174 581 copias

138 597 279 661 traduxit
301 598 334 660 in
357 597 545 680 Italiamque
567 595 721 681 pervenit.

242 699 436 766 Conflixerat
462 700 548 784 apud
570 699 759 765 Rhodanum
786 719 857 765 oum
884 701 919 766 P.
943 701 1086 768 Cornelio
1109 701 1211 770 Sci-4

137 804 231 886 pione
254 803 382 868 consule
405 823 539 886 eumque
562 804 734 888 pepulerat.
771 804 850 870 Cum
872 804 933 870 hoc
956 804 1066 876 eodem
1088 805 1174 890 apud

137 906 283 971 Ticinum
310 906 451 971 deeernit
478 907 681 990 sauciumque
708 905 784 972 inde
806 927 845 972 ac
867 908 1011 991 fugatum
1035 907 1172 973 dimittit.

137 1011 278 1075 Tertium
308 1011 393 1076 idern
421 1011 526 1095 Scipio
558 1032 627 1077 cum
657 1012 778 1094 collega
799 1012 926 1076 Tiberio
948 1012 1059 1095 Longo
1088 1013 1208 1096 apuds

137 1114 286 1179 'Prehiam
301 1113 455 1180 aduersus
475 1135 546 1179 eum
561 1114 658 1180 venit.
684 1115 762 1180 Cum
786 1115 832 1179 eis
855 1135 984 1179 manum
1007 1115 1173 1195 conseruit,

40 1287 43 1292 .
137 1224 284 1299 utrosque
311 1217 499 1302 profligavit.
545 1217 626 1282 Inde
647 1237 705 1301 per
727 1218 860 1301 Ligures
882 1217 1040 1282 Etruriam
1062 1225 1175 1303 petens

137 1323 341 1406 Apenninum
370 1323 503 1388 transiit.
550 1324 588 1387 In
616 1322 676 1388 hoc
701 1323 814 1387 itinere
840 1323 921 1388 adeo
947 1323 1038 1406 gravi
1066 1323 1209 1400 morbo3

137 1425 272 1490 afficitur
305 1426 478 1508 oculorum,
512 1432 548 1491 ut
581 1433 691 1510 postea
724 1446 895 1508 numquam
929 1425 1041 1490 dextro
1074 1445 1175 1508 aeque
1208 1505 1210 1510 ι

63 1597 66 1601 ,
139 1529 219 1593 bene
235 1549 310 1594 usus
326 1530 374 1594 sit.
411 1528 481 1616 Qua
495 1530 678 1596 valetudine
702 1549 772 1593 curn
797 1529 960 1593 etiamtum
982 1535 1176 1612 premeretur·

137 1632 311 1714 lecticaque
334 1633 475 1714 ferretur,
501 1633 534 1700 Ο.
559 1632 749 1697 Flaminium
773 1633 933 1698 consulem
956 1631 1042 1716 apud
1063 1634 1175 1698 Trasu-

138 1753 265 1798 menum
289 1756 359 1801 cum
383 1736 525 1800 exercitu
540 1735 664 1800 insidiis
680 1736 927 1799 circumventum
943 1734 1058 1800 occidit
1072 1756 1175 1819 neque

138 1838 234 1903 multo
262 1846 334 1923 post
358 1840 391 1904 G.
417 1840 604 1905 Centenium
631 1835 808 1923 praetorem
837 1859 907 1902 curn
934 1838 1057 1903 delecta
1080 1859 1175 1903 manu
1228 1880 1327 1922 mc„

138 1941 236 2005 saltus
259 1948 474 2024 occupantem.
520 1941 604 2006 Hinc
625 1942 659 2005 in
681 1941 829 2025 Apuliam
853 1941 1005 2026 pervenit.
1051 1942 1102 2007 Ibi
1124 1943 1175 2006 ob*
1193 1969 1210 2016 4
1229 1980 1328 2024 mm„

101 2045 103 2048 ’
138 2046 223 2110 viam
247 2045 276 2110 ei
298 2051 454 2109 uenerunt
477 2044 538 2110 duo
562 2045 715 2125 consules,
740 2044 774 2110 (l.
791 2044 958 2110 Terentius
974 2052 1005 2110 et
1020 2045 1055 2110 L.
1073 2046 1175 2109 Aemi-

138 2149 206 2214 lius.
253 2148 424 2229 Utriusque
454 2147 612 2213 exercitus
642 2168 704 2213 unc
731 2147 849 2232 proelio
879 2148 1012 2230 fugavit,
1043 2148 1175 2248 Paulum

139 2252 299 2316 consulem
327 2250 441 2316 oceidit
468 2257 500 2315 et
521 2251 640 2333 aliquot
662 2257 828 2335 praeterea
851 2251 1039 2334 consulares,
1068 2252 1102 2315 in
1130 2252 1176 2317 eis

140 2355 195 2420 Cn.
221 2355 388 2421 Servilium
411 2354 589 2435 Geminum,
613 2355 666 2437 qui
690 2355 850 2438 superiore
872 2375 956 2418 anno
979 2354 1083 2419 fuerat
1106 2374 1175 2420 con-

139 2459 194 2524 sul.
223 2459 292 2522 Hac
307 2478 415 2541 pugna
431 2463 572 2542 pugnata
586 2459 719 2521 Romam
735 2456 894 2541 profectus
908 2457 994 2528 nullo
1010 2459 1175 2522 resistente
1193 2486 1210 2538 5

139 2564 172 2626 in
194 2561 379 2645 propinquis
406 2561 476 2627 urbi
489 2557 658 2625 ¹montibus
685 2567 824 2625 moratus
850 2567 907 2626 est.
955 2561 1033 2626 Cum
1056 2561 1175 2643 aliquot

139 2665 184 2730 ibi
206 2664 274 2728 dies
297 2671 400 2728 castra
422 2663 587 2728 habuisset
610 2670 642 2727 et
657 2663 798 2745 Capuam
820 2670 1039 2745 reverteretur,
1063 2663 1100 2739 Q.
1117 2665 1175 2728 Fa·

139 2767 211 2832 bius
232 2766 400 2847 Maximus,
423 2766 557 2832 dictator
579 2768 749 2846 Romanus,
773 2767 806 2830 in
829 2787 906 2850 agro
929 2768 1065 2832 Falerno
1088 2768 1118 2831 ei
1140 2787 1174 2833 sc

140 2869 264 2934 obiecit.
311 2868 443 2935 Clausus
472 2869 518 2935 ibi
549 2870 686 2934 locorum
714 2870 869 2952 angustiis
896 2877 991 2935 noctu
1018 2870 1086 2935 sinc
1112 2871 1208 2947 ullos

139 2972 327 3037 detrimento
351 2972 508 3037 exereitus
529 2992 564 3038 se
587 2971 751 3056 expedivit
773 2972 945 3055 Fabioque,
975 2973 1174 3038 callidissimo

139 3076 330 3160 imperatori,
354 3078 452 3141 verba
474 3075 571 3141 dedit.
594 3077 741 3158 Namque
758 3076 893 3141 obducta
908 3072 1001 3141 nocte
1016 3085 1175 3142 sarmenta.

139 3181 172 3244 in
195 3180 342 3244 comibus
364 3179 569 3243 iuvencorum
592 3179 732 3261 deligata
750 3178 891 3244 incendit
906 3181 1035 3262 eiusque
1049 3181 1175 3264 generis

139 3280 371 3346 multitudinem
399 3301 549 3366 magnam
575 3281 764 3365 dispalatam
791 3282 929 3348 immisit.
976 3281 1045 3358 Quo
1067 3303 1175 3368 repen-

140 3385 204 3449 tino
233 3385 356 3449 obiecto
384 3385 454 3449 visu
482 3392 605 3449 tantum
632 3393 780 3450 terrorem
807 3387 915 3451 iniecit
942 3387 1095 3452 exercitui
1116 3388 1175 3451 Rc-

140 3507 312 3568 manorum,
341 3494 375 3551 ut
402 3486 511 3570 egredi
539 3495 629 3552 extra
656 3489 774 3553 vallum
801 3509 894 3554 nemo
920 3489 1060 3554 auderet.
1105 3490 1208 3562 Neca

139 3593 184 3655 ita
206 3591 312 3655 multis
339 3590 452 3656 diebus
473 3597 546 3675 post
571 3590 612 3654 M.
636 3591 808 3656 Minucium
834 3592 962 3674 Rufum,
988 3592 1175 3675 magistrum

140 3694 281 3777 equitum
321 3694 388 3777 pari
423 3713 462 3758 ac
492 3694 680 3758 dictatorem
708 3695 850 3778 imperio,
886 3694 957 3760 dolo
988 3695 1173 3780 perductum

139 3798 172 3860 in
207 3797 360 3880 proelium
393 3797 526 3878 fugavit.
575 3797 615 3861 'Ii
648 3797 866 3881 Sempronium
903 3798 1089 3878 Gracchum,
1124 3799 1173 3862 his
1225 3827 1319 3866 asson
