2890 4196
272 188 319 267 Ι86
571 203 894 260 xx11.uAurucA1a
916 211 938 262 1.
952 211 976 262 a.
989 209 1014 262 3.

276 379 449 462 periturum
471 397 506 444 se
527 378 631 463 potius
653 378 777 461 dixerit,
801 399 895 461 quam
918 398 989 444 cum
1011 384 1099 444 tanto
1121 379 1241 464 flagitio
1257 379 1310 445 do-

276 503 361 546 mum
383 481 514 547 rediret:
537 502 600 548 non
623 483 708 547 enim
731 502 806 548 suae
830 501 900 547 esse
922 482 1046 548 virtutis
1068 502 1157 547 arma
1171 504 1192 548 a
1206 484 1310 567 patria

275 592 406 669 accepta
427 585 580 650 adversus
602 585 709 650 hostes
731 585 920 651 adversariis
943 584 1076 650 tradere.
1111 584 1194 650 Huic
1215 586 1310 670 perti-

274 689 386 753 naciae
408 690 562 755 concessit
585 689 723 755 Catulus.

240 803 258 856 2
378 793 422 856 At
443 792 505 875 ille,
527 798 563 857 ut
585 791 808 876 Carthaginem
828 791 925 873 venit,
948 792 1046 866 multo
1067 782 1219 857 aliter'ac
1240 811 1311 876 spe-

172 939 199 956 .
275 900 367 976 rarat,
402 916 469 960 rem
502 896 662 980 publicam
693 915 728 960 se
756 895 928 960 habentem
958 893 1115 977 cognovit.
1162 895 1311 978 Namque

275 997 479 1065 diuturnitate
506 999 630 1064 externi
656 999 731 1063 mali
753 1004 876 1063 tantum
898 997 1017 1062 exarsit
1038 996 1223 1064 intestinum
1245 997 1311 1063 bel-

120 1126 222 1168 rnacn.
274 1101 350 1182 lum,
373 1110 408 1167 ut
430 1123 602 1184 numquam
624 1102 693 1186 pari
714 1101 748 1165 in
771 1101 910 1185 periculo
932 1100 1028 1165 fuerit
1050 1099 1219 1185 Carthago,
1246 1101 1310 1165 nisi

156 1243 159 1248 -
241 1219 346 1269 acum
361 1204 466 1280 deleta
482 1212 537 1270 est.
577 1206 717 1269 Primum
740 1202 949 1269 mercennarii
971 1202 1097 1285 milites,
1120 1204 1234 1285 quibus
1255 1203 1310 1268 ad-

274 1327 384 1373 versus
398 1309 557 1374 Romanos
580 1309 628 1373 usi
651 1309 786 1389 strarant,
810 1307 1025 1391 desciveruut3
1049 1325 1179 1388 quornm
1202 1326 1310 1372 nume—

274 1431 327 1476 ms
360 1418 428 1476 erat
455 1435 495 1474 xx
524 1412 653 1476 milium.
700 1412 741 1474 Hi
774 1416 873 1475 totam
906 1409 1127 1476 abalienarunt
1156 1410 1307 1490 Africam,

240 1527 256 1574 3
275 1515 376 1598 ipsam
392 1515 617 1598 Carthaginem
633 1521 864 1599 oppugnarunt.
896 1513 1018 1589 Quibus
1032 1512 1124 1578 malis
1139 1512 1219 1578 adeo
1234 1521 1309 1579 sunt

274 1618 370 1682 Poeni
392 1617 559 1702 perterriti,
588 1624 622 1683 ut
649 1618 770 1681 auxilia
797 1617 892 1681 etiarn
915 1616 956 1681 ab
979 1615 1131 1682 Romanis
1152 1621 1306 1701 peterent.

274 1721 336 1787 Sed
359 1729 500 1787 extremo
522 1729 673 1805 tempore,
698 1740 769 1786 cunr
790 1740 889 1804 prope
910 1720 975 1784 iam
996 1718 1039 1784 ad
1054 1717 1307 1803 desperationem

240 1825 449 1904 creuissent,
480 1825 692 1888 Hamilcarem
725 1825 947 1907 imperatorem
979 1822 1132 1888 fecerunt.
1178 1823 1210 1887 Is
1243 1843 1307 1887 non

120 1954 220 1995 aaran.
275 1929 374 1993 solum
397 1929 503 1992 hostes
525 1948 545 1990 a
568 1926 665 1992 muris
687 1918 888 2008 Carthaginis
910 1925 1052 2006 removit,
1080 1945 1151 1989 oum
1172 1925 1309 2010 amplius

275 2055 292 2095 o
315 2031 400 2095 milia
423 2030 508 2096 facta
531 2036 637 2096 essent
658 2035 858 2110 armatorum,
886 2028 942 2094 sed
969 2028 1065 2093 etiam
1087 2047 1125 2094 eo
1148 2028 1308 2112 compuht‚

274 2141 309 2199 ut
333 2134 470 2198 locorum
498 2131 653 2216 angustiis
680 2132 779 2197 clausi
805 2132 910 2217 plures
932 2132 1017 2196 lame
1040 2152 1135 2213 quarn
1157 2131 1240 2196 feno
1262 2132 1309 2197 in·

273 2237 412 2302 terirent.
451 2236 566 2302 Omnia
587 2234 705 2320 oppida
726 2235 915 2315 abalienata,
938 2236 971 2299 in
994 2234 1044 2299 his
1064 2235 1189 2300 Uticam
1210 2241 1309 2318 atque

156 2349 157 2352 ’
274 2341 463 2424 Hipponem,
491 2338 707 2404 valentissima
733 2340 827 2403 totius
848 2338 984 2419 Africae,
1012 2338 1148 2403 restituit
1174 2338 1307 2421 patriae.

240 2450 256 2498 ὃ
274 2445 386 2527 Neque
408 2463 445 2508 eo
468 2442 528 2506 fuit
550 2448 725 2522 contentus,
749 2442 806 2506 sed
830 2441 925 2506 etiam
947 2440 1028 2507 fines
1049 2440 1173 2525 imperii
1196 2461 1310 2525 propa·

273 2547 371 2633 gavit,
402 2553 467 2612 tota
489 2546 598 2611 Africa
624 2553 747 2610 tantum
775 2546 873 2610 otium
899 2543 1047 2626 reddidit,
1074 2551 1111 2609 ut
1132 2544 1251 2610 nullum
1272 2545 1308 2610 in

229 2719 231 2728 ,
274 2652 450 2717 cabellum
472 2651 631 2715 videretur
653 2649 759 2713 multis
781 2649 874 2713 annis
896 2647 1003 2714 luisse.

239 2768 259 2822 3
377 2755 484 2818 Rebus
510 2752 561 2818 his
588 2772 629 2816 ex
656 2752 814 2817 sententia
839 2750 976 2835 peractis
1001 2749 1112 2815 fidenti
1134 2750 1239 2815 animo
1261 2758 1309 2816 at-

275 2877 335 2940 que
357 2857 472 2921 infesto
494 2856 653 2936 Romania,
677 2875 738 2937 quo
761 2855 884 2921 facilius
907 2873 1035 2920 causam
1056 2853 1196 2919 bellandi
1218 2873 1307 2938 repe-

120 2997 221 3038 mffl,
274 2962 357 3041 riret,
388 2959 501 3040 effecit,
532 2964 568 3024 ut
595 2959 765 3042 imperator
791 2977 862 3023 cum
889 2957 1030 3022 exercitu
1058 2956 1090 3022 in
1118 2957 1305 3040 Hispaniam

274 3064 456 3143 mitteretur,
485 3082 583 3145 eoque
605 3080 711 3127 secum
733 3061 826 3126 duxit
851 3060 950 3125 filium
972 3059 1184 3124 Hannibalem
1209 3079 1306 3125 anno-

240 3183 341 3231 arum
365 3185 487 3230 novem.
522 3165 597 3230 Erat
619 3171 784 3248 praeterea
806 3184 877 3228 cum
899 3182 936 3229 eo
958 3161 1144 3228 adulescens
1167 3163 1305 3244 illustris,

275 3269 402 3354 egregia
423 3267 521 3332 animi
542 3267 657 3348 indole,
681 3266 870 3346 Hasdrubal,
895 3266 944 3330 cui
967 3265 1020 3330 ille
1042 3264 1140 3329 filiam
1161 3284 1250 3330 suam
1270 3266 1304 3329 in

241 3389 256 3435 3
275 3371 507 3436 matrimonium
529 3371 667 3436 dederat.
703 3371 751 3434 De
773 3369 833 3434 hoe
853 3368 925 3433 ideo
949 3368 1139 3434 mentionem
1162 3367 1304 3450 lecimus,

275 3474 358 3557 quod
390 3475 568 3539 Hamilcare
594 3474 704 3538 *occiso
737 3473 790 3537 ille
827 3472 980 3536 exercitui
1017 3470 1154 3555 praefuit
1190 3489 1306 3552 resque

274 3597 407 3662 magnas
432 3577 530 3661 gessit
557 3585 588 3641 et
615 3577 762 3660 princeps
788 3574 954 3657 largitione
981 3580 1121 3653 vetustos
1151 3572 1307 3656 pervertit

274 3701 376 3746 mores
393 3681 715 3764 Carthaginiensium:
740 3681 806 3744 eius
830 3677 956 3760 quidem
978 3684 1049 3761 post
1071 3682 1204 3742 mortem
1219 3675 1306 3742 Han-

274 3785 361 3850 nibal
382 3786 422 3849 ab
447 3785 586 3849 exercitu
608 3784 731 3866 accepit
752 3782 926 3866 imperium.
