2890 4196
505 182 611 235 xunr.
631 182 808 236 numurus.
828 186 890 238 ar.
1175 171 1212 232 ll

183 353 263 417 inter
278 355 415 417 Taurum
438 359 577 418 montem
600 355 681 419 iacet
696 362 791 438 atque
806 357 1055 441 Hellespontum,
1080 365 1111 423 et
1127 360 1213 423 illum

181 475 278 520 unum
301 464 489 540 opposuerat
511 458 684 542 Europaeis
706 459 909 544 aduersariis,
940 461 1009 544 ipse
1032 463 1213 546 Aegyptum

180 568 397 643 oppugnatum
412 560 565 626 adversus
580 562 794 627 Ptolemaeum
818 569 886 627 erat
907 564 1074 648 profectus.
1103 566 1214 630 Eume·
1233 583 1249 630 3

181 681 238 728 nes
268 683 338 726 cum
369 684 471 746 neque
502 685 636 748 magnas
667 665 773 749 copias
804 685 908 747 neque
937 665 1044 732 firmas
1073 667 1213 751 haberet,

180 765 265 848 quod
280 774 312 831 et
326 768 552 832 inexercitatae
569 775 600 833 et
615 789 678 833 non
694 769 792 833 multo
815 775 889 833 ante
913 777 1002 834 crant
1026 775 1213 855 contractae,

179 869 353 935 adventare
383 878 487 935 autem
519 871 696 936 dicerentur
731 872 1033 955 Hellespontumque
1062 874 1214 938 transisse

180 972 346 1057 Antipater
368 981 400 1038 et
423 975 568 1039 Craterus
595 995 711 1058 magno
738 995 809 1040 cum
832 976 973 1040 exercitu
996 976 1212 1058 Macedonum,

180 1075 240 1138 viri
263 1095 333 1140 eum
356 1076 497 1140 claritate
519 1083 585 1141 tum
608 1097 667 1142 usu
689 1078 764 1142 belli
786 1085 984 1162 praestantes
1011 1078 1213 1164 (Macedones
1232 1097 1248 1144 r

179 1178 295 1245 milites
318 1187 443 1244 eatam
467 1188 556 1244 erant
579 1180 674 1262 fama,
703 1201 765 1262 qua
792 1201 877 1246 nunc
899 1183 1033 1247 Romani
1056 1181 1211 1246 feruntur:

179 1283 295 1346 etenim
319 1303 442 1366 semper
461 1283 562 1347 habiti
578 1290 651 1348 suut
665 1283 835 1364 fortissimi,
859 1284 913 1366 qui
928 1285 1058 1349 summis
1073 1284 1212 1368 imperiis

179 1385 380 1471 potirentu1·):
415 1387 573 1452 Eumenes
606 1387 819 1471 intellegebat,
854 1387 882 1451 si
915 1387 1024 1471 copiae
1058 1407 1134 1452 suae
1165 1408 1213 1452 co-

178 1496 339 1571 gnossent,
355 1489 507 1554 adversus
523 1509 600 1571 quos
616 1490 813 1571 ducerentur,
838 1510 900 1554 non
915 1490 1008 1555 modo
1024 1511 1087 1555 non
1102 1490 1210 1572 ituras,

178 1589 236 1657 sed
263 1592 354 1656 simul
381 1613 452 1657 cum
479 1595 589 1659 nuntio
616 1593 800 1677 dilapsuras.
844 1595 955 1675 Itaque
975 1593 1034 1657 hoc
1057 1594 1245 1658 ei·visum·:›

178 1700 227 1759 est
248 1695 537 1780 prudentissimum,
566 1703 601 1760 ut
624 1694 725 1761 deviis
747 1697 911 1761 itineribus
934 1695 1050 1762 milites
1073 1695 1210 1777 duceret,

178 1798 211 1861 in
234 1799 347 1880 quibus
370 1819 446 1864 vera
468 1799 577 1864 audire
600 1820 663 1864 non
685 1807 824 1884 possent,
849 1807 880 1865 et
896 1799 941 1865 eis
956 1798 1161 1884 persuaderet
1176 1819 1211 1864 sa

177 1907 286 1966 eontra
308 1902 456 1967 barbaros
480 1903 631 1984 quosdam
654 1903 817 1987 proficisci.
855 1903 955 1985 quue
980 1902 1081 1966 tenuit
1102 1920 1244 1986 propo-o

177 2005 272 2070 situm
300 2012 332 2070 et
358 2007 444 2090 prius
471 2006 505 2070 in
530 2007 631 2071 aciem
660 2007 832 2072 exercitum
860 2005 969 2071 eduxit
995 2007 1209 2091 proeliumque

178 2108 341 2190 commisit,
374 2130 468 2191 quam
498 2110 613 2174 milites
643 2110 690 2174 sui
719 2111 845 2193 scireut,
878 2131 949 2174 cum
982 2110 1096 2192 quibus
1123 2129 1209 2173 arma

177 2211 364 2277 conferrent.
405 2212 519 2276 Effecit
541 2213 636 2276 etiarn
658 2212 735 2277 illud
757 2213 893 2278 locorum
915 2213 1208 2297 praeoccupatione,

177 2320 212 2379 ut
234 2315 374 2396 equitatu
396 2315 499 2398 potius
522 2314 694 2396 dimicaret,
718 2335 779 2397 quo
794 2317 865 2398 plus
881 2316 1017 2396 valebat,
1041 2335 1135 2396 quam
1157 2334 1210 2398 pe·

176 2415 287 2498 ditatu,
312 2435 372 2499 quo
389 2424 455 2481 erat
469 2417 606 2483 inferior.
630 2419 710 2484 Cum
725 2419 876 2484 acerrimo
892 2437 1042 2483 concursu
1058 2437 1207 2500 magnam
1225 2429 1244 2484 4

177 2507 299 2605 partem
321 2519 385 2585 diei
407 2528 490 2586 esset
512 2528 696 2606 pugnatum,
721 2521 806 2586 cadit
825 2521 971 2587 Craterus
993 2513 1059 2585 dux
1082 2527 1114 2584 et
1129 2521 1210 2584 Neo-

177 2624 341 2708 ptolemus,
366 2625 419 2707 qui
442 2625 614 2690 secundum
637 2624 739 2690 locum
753 2624 877 2708 imperii
892 2625 1029 2689 tenebat.
1056 2624 1135 2688 Cum
1149 2622 1209 2688 boo

176 2727 332 2792 concurrit
353 2727 422 2811 ipse
444 2727 611 2792 Eumenes.
657 2727 718 2803 Qui
741 2747 812 2792 curn
833 2727 916 2791 inter
937 2745 972 2791 se
995 2725 1153 2810 complexi
1175 2726 1243 2791 ina

176 2835 293 2894 terram
323 2850 363 2895 ex
394 2831 483 2912 equis
512 2830 714 2913 decidissent,
745 2836 780 2895 ut
809 2828 901 2894 facile
931 2828 1083 2913 intellegi¹
1103 2835 1209 2913 posset
1268 2867 1272 2873 -

175 2932 304 2996 inimica
336 2939 443 2998 mente
472 2952 526 3000 eos
556 2933 756 2998 contendisse
784 2933 952 3014 animoque
981 2931 1084 3015 magis
1114 2931 1208 2996 etiam

176 3055 336 3120 pugnasse
358 3056 452 3119 quam
475 3057 612 3122 corpore,
640 3056 703 3102 non
725 3037 812 3120 prius
834 3035 976 3100 distracti
999 3041 1081 3116 sunt,
1114 3047 1207 3116 quam

174 3140 308 3204 alterum
330 3139 437 3204 anima
459 3140 591 3223 reliquit.
630 3140 680 3204 Ab
703 3139 763 3204 hoc
784 3139 903 3220 aliquot
926 3138 1028 3222 plagis
1050 3137 1208 3201 Eumenes

176 3245 371 3323 vulneratur,
405 3263 507 3326 neque
538 3265 574 3309 eo
604 3243 707 3326 magis
741 3262 781 3306 ex
815 3243 932 3326 proelio
966 3241 1116 3320 excessit,
1151 3239 1207 3304 scd

174 3348 278 3411 acrius
304 3346 446 3412 hostibus
472 3346 593 3412 institit.
639 3347 743 3428 Atque
770 3347 928 3428 equitibus
950 3344 1132 3429 profligatis,
1162 3341 1207 3406 in·
1225 3361 1240 3404 3

176 3450 306 3515 terfeoto
329 3450 409 3515 duce
432 3451 569 3531 Cratero,
593 3450 698 3515 multis
720 3457 883 3534 praeterea
907 3455 937 3513 et
960 3449 1099 3512 maxime
1121 3447 1206 3511 nobi-

175 3554 257 3619 libus
285 3554 385 3638 captis
415 3553 561 3636 pedester
595 3555 760 3634 exercitus,
795 3552 879 3635 quod
911 3554 945 3617 in
976 3571 1014 3616 ea
1042 3550 1111 3616 loca
1141 3553 1207 3614 erat

175 3657 338 3738 deductus,
363 3662 397 3720 ut
419 3656 518 3720 invito
541 3657 681 3720 Eumene
705 3656 786 3720 elabi
808 3677 872 3720 nou
895 3661 1010 3740 posset,
1034 3674 1146 3738 pacem
1166 3655 1206 3718 ab

176 3780 213 3824 eo
242 3760 342 3844 petiit.
389 3758 491 3836 Quam
522 3779 593 3822 cum
622 3759 828 3842 impetrasset,
859 3759 892 3823 in
920 3757 982 3822 lide
1006 3777 1067 3821 non
1091 3757 1207 3821 mansit
