2934 4192
284 141 326 206 58
583 177 646 233 xv.
665 178 944 235 npxmuouons
963 183 987 236 c.
1006 183 1031 236 a.

282 331 448 408 Thebanis
485 351 518 411 et
553 349 682 433 Argivis
718 353 874 434 facerent,
913 359 1084 435 contraque
1118 353 1325 436 Callistratus,

282 436 529 515 Atheniensium
552 455 685 538 legatus,
709 457 762 539 qui
781 456 961 538 eloquentia
979 475 1089 522 omnes
1107 461 1175 520 tum
1190 464 1327 540 praesta·

283 538 349 625 hat,
365 553 549 640 postularet,
565 566 600 623 ut
614 560 719 644 potius
733 559 905 625 amicitiam
920 565 1125 642 sequerentur
1139 560 1325 643 Atticorum,

285 651 316 708 et
338 646 373 714 in
396 659 539 726 oratione
567 664 751 729 suamulta
772 663 917 728 invectus
940 669 1025 728 esset
1045 663 1079 727 in
1101 663 1272 729 Thebanos
1294 670 1327 728 et

248 745 423 837 ²Argivos
444 761 478 827 in
502 765 611 850 eisque
633 767 694 833 hoc
719 767 885 852 posuisset,
916 767 1056 831 animum
1085 765 1253 832 advertere
1274 765 1325 832 de

283 851 361 922 bere
383 861 535 952 Arcades,
567 872 676 954 quales
703 878 837 953 utraque
863 869 976 935 civitas
1003 869 1090 936 cives
1118 876 1323 954 procreasset,

284 975 326 1022 ex
357 966 473 1046 quibus
507 971 547 1039 de
580 975 692 1039 ceteris
726 979 855 1058 possent
882 973 1048 1063 iudicare:¹
1070 972 1207 1057 Argivos
1239 973 1326 1037 enim

284 1060 384 1132 fuisse
407 1071 551 1141 Orestem
574 1085 606 1142 et
627 1079 852 1143 Alcmaeonem
874 1075 1064 1158 matricidae,
1091 1075 1211 1142 Thebis
1234 1075 1325 1142 Oedi-

249 1169 361 1247 ⁸pum
394 1182 518 1261 natum,
553 1201 624 1246 cum
657 1189 780 1267 patrem
809 1201 900 1247 suum
932 1180 1157 1261 interfecisset,
1190 1186 1323 1244 matrem

284 1287 419 1342 uxorem
438 1280 582 1350 duxisse:
605 1284 678 1351 hnic
698 1285 732 1350 in
747 1283 967 1369 respondendo
981 1283 1228 1367 Epaminondas,
1252 1303 1323 1348 eum

285 1367 326 1436 de
356 1383 470 1450 ceteris
498 1395 685 1472 perorasset,
716 1395 882 1473 postquam
912 1386 954 1451 ad
982 1386 1037 1452 illa
1063 1386 1125 1453 dno
1155 1387 1324 1472 opprobria

284 1475 440 1568 peruenit,
463 1489 611 1556 admirari
634 1513 669 1557 se
692 1492 773 1556 dixit
796 1491 960 1557 stultitiam
981 1490 1115 1556 rhetoris
1137 1489 1245 1571 Attici,
1269 1488 1324 1571 qni

285 1600 349 1649 non
372 1591 630 1660 animadverterit
651 1596 837 1660 innocentes
863 1595 934 1659 illos
960 1600 1051 1659 natos
1078 1592 1173 1675 domi,
1204 1594 1323 1660 scelere

285 1685 434 1777 admisso,
469 1717 540 1764 cum
570 1701 674 1784 patria
703 1705 809 1765 essent
839 1697 974 1781 expulsi,
1008 1703 1150 1780 receptos
1180 1716 1251 1762 esse
1280 1699 1322 1763 ab

250 1791 267 1839 4
285 1789 542 1867 Atheniensibus.
570 1803 634 1869 Sed
649 1803 789 1867 maxime
805 1803 872 1867 eius
887 1801 1067 1883 eloquentia
1078 1800 1178 1865 eluxit
1189 1801 1323 1884 Spartae

284 1892 383 1978 legati
405 1909 478 1968 ante
497 1925 637 1989 pugnam
652 1905 859 1971 Leuctricam.
894 1902 1051 1980 Quocum
1071 1903 1211 1968 omnium
1226 1904 1322 1968 socio

284 2017 355 2064 rum
377 2008 598 2073 convenissent
620 2009 726 2092 legati,
755 2028 859 2073 coram
886 2006 1139 2089 frequentissimo
1163 2013 1322 2073 conventu

285 2101 331 2167 sie
345 2105 665 2176 Lacedaemoniorum
683 2110 887 2195 tyrannidem
906 2111 1057 2194 coarguit,
1079 2115 1197 2175 utnon
1216 2110 1321 2175 minus

285 2203 339 2271 illa
372 2212 512 2277 oratione
545 2234 621 2298 opes
658 2234 766 2279 eornm
799 2214 992 2280 concusserit
1028 2233 1123 2296 quam
1155 2212 1321 2278 Leuctrica

284 2332 405 2399 pugna3
428 2321 495 2380 tum
510 2317 595 2382 enim
609 2315 751 2402 perfecit,
775 2316 860 2400 quod
873 2322 945 2402 post
966 2316 1122 2402 apparuit,
1144 2323 1180 2381 ut
1201 2315 1321 2382 auxilio

285 2415 438 2484 sociorum
460 2419 668 2504 privarentur.

250 2527 264 2578 l
387 2515 501 2589 Fuisse'
526 2525 699 2608 patientem
729 2542 917 2605 suorumque
943 2522 1074 2587 iniurias
1099 2521 1255 2587 ferentem
1279 2523 1320 2588 oi·

283 2621 379 2706 vium,
409 2626 492 2709 quod
513 2627 634 2714 patriae
655 2627 749 2692 irasci
770 2627 862 2692 nefas
885 2646 955 2692 esse
977 2625 1115 2707 duceret,
1143 2624 1223 2691 haec
1244 2633 1320 2691 sunt

14 2737 18 2824 ¹:
128 2748 230 2794 assem.
284 2727 471 2795 testimonia.
517 2730 596 2797 Oum
624 2750 696 2794 eum
722 2737 851 2814 propter
877 2728 1030 2794 invidiam
1052 2728 1138 2794 cives
1160 2727 1209 2795 sui
1231 2749 1320 2813 prae

17 2829 20 2922 l
283 2827 377 2895 ficere
407 2833 558 2899 exercitui
588 2834 762 2899 noluissent
792 2832 920 2915 duxque
954 2839 1037 2897 esset
1069 2830 1210 2898 delectus
1243 2834 1319 2900 belli

283 2931 455 3017 imperitus,
486 2936 573 3002 cuius
601 2956 704 3001 errore
726 2957 777 3002 res
800 2956 837 3001 eo
861 2942 944 3001 esset
972 2934 1117 3015 deducta,
1147 2941 1182 2999 ut
1208 2956 1319 3003 omnes

283 3033 323 3100 de
346 3037 445 3102 salute
472 3039 738 3122 pertimescerent,
770 3038 854 3121 quod
881 3040 1019 3103 locorum
1040 3038 1195 3121 angustiis
1218 3039 1319 3108 clausi

282 3141 323 3205 ab
352 3140 494 3207 hostibus
521 3141 756 3224 obsidebantur,
786 3140 957 3207 desiderari
984 3146 1096 3224 coepta
1124 3145 1172 3206 est
1192 3140 1319 3225 Epami-

281 3242 407 3309 nondae
429 3243 607 3330 diligentia:
630 3251 697 3310 erat
720 3245 805 3310 enim
826 3245 871 3310 ibi
891 3245 1033 3328 privatus
1052 3263 1183 3309 numero
1198 3239 1315 3311 militis.

248 3345 310 3412 2A
333 3367 394 3429 quo
420 3366 492 3413 cum
513 3352 658 3434 peterent
684 3367 785 3431 opem,
817 3348 935 3411 nullam
961 3345 1107 3412 adhibuit
1132 3346 1316 3411 memoriam

281 3451 489 3516 contumeliae
522 3456 553 3517 et
586 3451 760 3517 exercitum
793 3449 956 3515 obsidione
988 3449 1156 3515 hberatum
1189 3449 1318 3516 domum

280 3552 407 3619 reduxit
428 3553 625 3621 incolumem.
670 3555 739 3620 Nec
761 3573 836 3619 vero
859 3552 919 3619 hoe
942 3553 1038 3619 semel
1061 3551 1147 3638 lecit,
1170 3551 1227 3618 sed
1249 3573 1318 3618 sae-

246 3657 360 3741 epius.
405 3658 544 3723 Maxime
573 3663 679 3723 autem
705 3657 765 3722 fuit
790 3656 919 3739 illustre,
952 3655 1045 3740 quod,
1075 3674 1146 3721 cum
1172 3655 1206 3720 in
1228 3656 1318 3722 Pelo-

283 3781 455 3845 ponnesum
485 3762 657 3828 exercitum
691 3761 835 3826 duxisset
867 3760 1018 3826 adversus
1048 3757 1318 3827 Lacedaemonios
