2890 4196
376 223 379 232 '
459 237 860 296 nunnamenster.
1136 227 1177 288 99

141 415 196 496 ita,
224 420 260 479 ut
285 433 389 496 neque
416 432 544 478 usuram
570 434 720 496 umquam
747 415 788 478 ab
817 414 863 480 eis
889 417 1047 500 acceperit
1073 437 1177 500 neque

141 517 275 600 longius,
300 537 394 599 quam
417 515 596 581 condictum
619 523 713 598 esset,
737 516 846 582 deberi
868 538 981 603 passus
1004 520 1053 584 sit.
1086 518 1176 596 Quod
1196 543 1211 594 5

141 627 307 702 utrumque
330 625 398 685 erat
420 619 466 685 eis
489 619 633 685 salutare.
680 621 764 684 Nam
792 641 895 704 neque
917 621 1111 706 indulgendo
1133 625 1177 689 in-

141 730 338 789 veterascere
357 730 472 787 'eorum
500 742 555 788 aes
582 723 722 788 alienum
745 724 927 808 patiebatur
949 746 1052 808 neque
1075 728 1175 792 multi-

141 825 297 911 plicandis
319 826 422 894 usuris
444 829 595 891 crescere.
641 826 741 890 Auxit
767 826 827 892 hoc
854 828 992 892 officium
1019 830 1082 893 alia
1105 850 1177 912 quo-

142 950 202 1013 que
224 930 422 995 liberalitate.
453 930 537 994 Nam
560 929 724 995 universos
746 929 904 996 frumento
919 930 1059 1013 donavit,
1083 933 1128 996 ita
1142 941 1211 1005 uta

142 1035 273 1117 singulis
296 1034 364 1100 seni
386 1032 483 1099 modii
506 1034 601 1098 tritici
624 1033 786 1099 darentur:
811 1035 865 1117 qui
884 1034 996 1101 modus
1011 1056 1177 1101 mensurae

141 1137 318 1203 medimnus
340 1135 473 1202 Athenis
494 1137 679 1220 appellatur.

244 1242 304 1306 Hic
325 1247 432 1305 autem
455 1240 501 1305 sic
516 1259 551 1305 ιι
565 1240 705 1322 gerebat,
728 1247 763 1306 ut
779 1242 954 1307 communis
968 1242 1094 1324 infimis,
1117 1265 1174 1328 par
1192 1261 1211 1317 3

140 1345 335 1431 principibus
362 1343 529 1408 videretur.
576 1343 645 1420 Quo
672 1345 791 1409 factum
819 1353 877 1426 ιιι,
907 1351 943 1412 ut
968 1345 1042 1412 huic
1068 1368 1176 1413 omnes

141 1449 284 1529 honorae,
309 1468 386 1530 quos
408 1454 547 1532 possent,
571 1448 696 1532 publice
719 1448 875 1514 haberent
891 1448 1055 1531 civemque
1070 1450 1176 1516 facere

140 1551 318 1635 studerent;
343 1569 404 1633 quo
426 1550 580 1617 beneficio
602 1551 656 1617 ille
678 1552 724 1616 uti
746 1552 855 1616 noluit.
895 1550 1053 1628 Quamdiu
1075 1555 1174 1635 affuit,
1194 1577 1209 1623 a

140 1674 182 1720 ne
205 1675 267 1737 qua
289 1655 349 1720 sibi
376 1660 481 1719 statua
508 1661 685 1739 poneretur,
713 1655 836 1736 restitit,
867 1656 983 1722 absens
1009 1639 1176 1740 prohibere

140 1779 204 1824 non
225 1759 335 1843 potuit.
363 1759 476 1840 Itaque
499 1759 619 1840 aliquot
640 1758 703 1841 ipsi
725 1763 757 1823 et
778 1757 862 1823 filiae
877 1758 954 1825 locis
969 1760 1176 1824 sanctissimis

140 1869 319 1946 posuerunt.
364 1861 441 1926 Erat
474 1861 571 1944 igitur
603 1861 738 1945 primum
767 1861 846 1926 illud
876 1882 989 1928 munus
1018 1861 1210 1944 fortunae‚3

141 1965 225 2048 quod
250 1966 284 2029 in
307 1985 346 2029 ea
368 1964 563 2048 potissimum
586 1965 663 2029 urbe
691 1970 783 2029 natus
814 1971 871 2045 est,
901 1965 936 2029 in
963 1985 1026 2047 qua
1052 1965 1176 2046 domici·

139 2071 216 2136 lium
239 2069 323 2134 orbis
345 2075 497 2133 terrarum
520 2075 603 2133 esset
624 2068 757 2152 imperii,
781 2068 841 2133 hoc
860 2069 1020 2153 specimen
1043 2070 1175 2154 pruden-

140 2174 213 2254 tiae,
242 2171 334 2254 quod,
362 2171 494 2236 cumin
522 2191 592 2236 eam
619 2191 654 2236 se
682 2171 843 2236 civitatem
870 2172 1062 2254 contulisset,
1094 2193 1175 2255 quae

140 2277 342 2358 antiquitate,
377 2274 574 2340 humanitate
608 2274 814 2358 doctrinaque
848 2283 1023 2360 praestaret
1056 2296 1174 2357 omnes,

140 2400 221 2446 unus
244 2380 273 2445 ei
296 2378 356 2444 fuit
379 2379 566 2444 carissimus.

242 2484 314 2548 Huc
328 2503 370 2547 ex
385 2483 462 2548 Asia
476 2482 563 2548 Sulla
577 2481 736 2548 decedens
758 2502 830 2548 cum
852 2483 1001 2563 venisset,
1025 2484 1174 2564 quamdiu
1192 2500 1211 2552 4

140 2589 185 2654 ibi
211 2588 280 2670 fuit,
308 2607 415 2652 secum
442 2587 553 2653 habuit
576 2587 792 2671 Pomponium,
824 2593 934 2671 captus
963 2586 1174 2652 adulescentis
1240 2609 1328 2653 cram

141 2699 173 2758 et
194 2692 390 2780 humanitate
412 2697 445 2756 et
466 2689 617 2756 doctrina.
655 2691 708 2758 Sic
730 2691 814 2755 enim
838 2691 957 2756 Graece
979 2691 1173 2773 loquebatur,

139 2803 175 2862 ιιι
197 2796 331 2862 Athenis
356 2802 450 2861 natus
476 2794 648 2879 videretur;
683 2799 773 2860 tanta
801 2800 908 2859 autem
938 2795 1078 2860 suavitas
1108 2802 1175 2860 erat

141 2899 293 2966 sermonis
320 2899 436 2979 Latini,
466 2905 501 2964 ut
527 2904 694 2984 appareret
720 2898 754 2963 in
782 2918 819 2963 ιο
846 2897 990 2964 nativum
1017 2898 1174 2982 quendam

140 3004 278 3087 leporem
302 3021 381 3082 esse,
404 3021 468 3068 non
489 3001 632 3068 ascitum.
668 3000 758 3066 Idem
780 3008 928 3084 poemata
949 3003 1175 3086 pronuntiabat
1239 3009 1240 3012 ’

142 3112 174 3171 ιι
189 3107 308 3172 Graece
324 3112 356 3171 et
370 3106 484 3170 Latine
499 3106 555 3187 sic,
577 3111 612 3172 ut
634 3124 729 3189 supra
752 3105 830 3169 nihil
852 3112 960 3190 posset
981 3103 1065 3169 addi.
1102 3103 1208 3180 Qui-r

140 3210 200 3275 bus
232 3210 327 3276 rebus
360 3209 479 3275 lactum
513 3216 570 3290 est,
603 3215 639 3276 ut
668 3209 756 3276 Sulla
784 3228 940 3290 nusquam
970 3228 1042 3273 eum
1070 3207 1113 3272 ab
1140 3228 1174 3272 se

141 3311 313 3378 dimitteret
335 3318 526 3397 cuperetque
548 3332 655 3377 secum
678 3310 843 3377 deducere.
875 3311 934 3378 Oui
956 3332 1028 3376 cum
1049 3331 1174 3396 persua-

141 3415 215 3482 dere
237 3422 415 3501 temptaret,
440 3408 532 3498 ‘Noli
556 3435 609 3482 oro
630 3411 673 3481 te’
687 3415 791 3498 inquit
805 3415 996 3498 Pomponius
1011 3406 1173 3480 ‘adversus

140 3540 194 3586 eos
216 3539 268 3585 me
291 3520 371 3585 velle
394 3519 518 3600 ducere,
542 3540 613 3584 cum
636 3518 750 3601 quibus
771 3539 813 3584 ne
836 3524 943 3584 contra
958 3525 990 3583 ιι
1005 3539 1093 3584 arma
1115 3519 1173 3584 fer-

138 3642 216 3704 rem,
239 3624 362 3688 Italiam
385 3619 517 3706 reliqui’.
542 3615 589 3687 At
606 3622 693 3690 Sulla
714 3621 927 3688 adulescentis
942 3621 1046 3687 officio
1062 3622 1172 3687 collau-

140 3726 214 3792 dato
245 3727 351 3793 omnia
380 3746 511 3792 munera
540 3726 580 3808 ei,
607 3745 688 3808 quae
715 3725 849 3792 Athenis
877 3731 1052 3810 acceperat,
1083 3725 1173 3810 profi·

141 3832 261 3896 ciscens
283 3831 375 3896 iussit
397 3829 521 3895 deferri.

987 3933 1017 3983 7*
