2890 4196
289 185 329 244 78
437 199 542 253 XVIII.
562 199 741 254 EUMENES.
762 203 801 254 13.
829 199 907 254 XIX.
926 198 1091 254 PHOCION.
1112 203 1134 254 1.
1147 204 1171 255 2.

286 369 419 456 gnatore
442 372 574 454 sublato,
599 371 675 454 quid
698 371 859 453 sentirent,
887 378 1086 455 aperuerunt.
1132 373 1233 438 Huius
1255 393 1323 438 000-

286 476 359 541 10110
381 475 539 560 principes
561 475 688 540 suerunt
709 475 897 558 Antigonus,
924 475 1131 558 Ptolemaeus,
1159 477 1321 559 Seleucus,

253 579 503 663 4Lysimachus,
543 577 747 644 Cassandrus.
793 579 972 663 Antigonus
1004 585 1112 648 autem
1143 579 1320 646 Eumenem

286 689 440 748 mortuum
462 681 647 766 propinquis
670 681 737 746 eius
760 681 976 766 sepeliendum
999 681 1137 747 tradidit.
1176 683 1218 747 Hi
1240 683 1318 748 mili-

285 787 344 851 tari
370 786 565 868 honestoque
591 784 711 866 funere,
740 785 910 850 comitante
936 790 1001 850 toto
1028 787 1183 868 exercitu,
1210 786 1319 858 huma-

285 897 397 956 verunt
423 909 557 971 ossaque
585 889 618 953 11
643 888 875 972 Cappadociam
902 887 944 952 ad
971 895 1104 952 matrem
1126 895 1221 973 atque
1243 911 1318 956 uxo

284 1014 350 1058 rem
372 994 550 1075 liberosque
572 992 640 1058 eius
662 991 858 1075 deportanda
881 998 1035 1058 curarunt.

251 1112 264 1160 1
387 1096 475 1161 XIX.
510 1097 654 1159 Prroerou
676 1094 879 1159 Atheniensis
910 1095 969 1160 etsi
999 1115 1095 1180 saepe
1125 1097 1318 1164 exercitibus

155 1255 159 1263 .
284 1201 421 1284 praefuit
443 1217 642 1282 summosque
664 1199 867 1281 magistratus
891 1199 983 1282 cepit,
1011 1205 1117 1264 tamen
1145 1201 1241 1266 multo
1269 1208 1317 1266 001

284 1303 384 1368 notior
405 1302 587 1386 integritate
601 1302 686 1366 vitae
710 1321 804 1382 quarn
826 1302 871 1366 rei
894 1301 1036 1367 militaris
1057 1303 1174 1368 labore.
1212 1305 1317 1387 Atque

283 1405 375 1470 huius
398 1405 548 1470 memoria
571 1410 618 1471 est
640 1405 735 1486 nulla,
766 1404 849 1468 illius
875 1410 981 1470 autem
1011 1426 1128 1490 magna
1150 1406 1236 1471 fama
1257 1414 1316 1488 001,

250 1508 367 1591 equod
398 1509 585 1592 cognomine
608 1509 714 1573 Bonus
742 1515 789 1572 est
815 1508 1001 1592 appellatus.
1046 1509 1119 1573 Fuit
1142 1510 1316 1593 01111101-

283 1619 378 1696 petuo
400 1631 529 1696 pauper,
560 1631 631 1675 cum
653 1611 859 1676 diuitissimus
882 1631 951 1676 0000
973 1619 1080 1696 posset
1109 1619 1234 1697 propter
1256 1613 1315 1677 fre-

284 1706 415 1797 quentes
429 1714 565 1778 honores
581 1720 815 1798 potestatesque
831 1734 978 1796 summas,
1002 1735 1083 1796 quae
1107 1716 1136 1780 ei
1157 1737 1178 1780 a
1198 1717 1316 1801 populo
1438 1779 1439 1782 ,

250 1818 448 1887 edebantur.
495 1819 574 1883 Cum
596 1839 617 1881 a
638 1837 711 1901 rege
734 1817 879 1901 Philippo
902 1817 1031 1882 missam
1054 1840 1202 1902 magnam
1224 1840 1316 1904 pecu·
1362 1889 1364 1893 ,
1414 1887 1420 1896 ,

283 1924 368 1986 niam
405 1921 585 2005 repudiaret
620 1921 779 2004 legatique
817 1920 1027 2002 hortarentur,
1072 1929 1107 1986 ut
1147 1923 1314 2006 acciperet,

283 2026 436 2107 simulque
458 2024 673 2104 admonerent,
696 2024 722 2088 si
744 2024 813 2107 ipse
828 2023 921 2088 facile
936 2031 1065 2108 careret,
1088 2025 1193 2091 libens
1208 2033 1314 2091 tamen
1438 2013 1439 2020 ἵ

283 2129 347 2193 0110
369 2128 570 2212 prospiceret,
599 2127 712 2211 quibus
740 2127 868 2192 difficile
890 2136 973 2193 00001
994 2129 1028 2192 11
1051 2149 1107 2194 010
1129 2136 1315 2214 paupertate

248 2239 446 2316 apaternam
476 2231 557 2294 tueri
582 2231 724 2314 gloriam,
755 2231 804 2296 his
834 2232 888 2296 1110
911 2225 955 2298 ‘Si
982 2233 1044 2296 mei
1072 2232 1190 2298 similes
1213 2241 1313 2315 emnt,

284 2334 367 2400 idern
390 2328 452 2398 hic'
475 2335 575 2416 inquit
598 2327 728 2418 fagellus
750 2336 821 2399 illos
843 2336 916 2417 alet,
944 2337 999 2418 qui
1025 2357 1075 2401 me
1102 2335 1144 2400 ad
1166 2335 1248 2401 hanc
1270 2337 1313 2402 di-

282 2439 436 2522 gnitatem
458 2437 619 2523 perduxit3
650 2438 699 2503 sin
723 2438 889 2504 dissimiles
912 2445 985 2504 sunt
1007 2440 1112 2520 futuri,
1140 2441 1212 2506 nolo
1234 2442 1314 2506 meis

282 2543 434 2627 impensis
456 2542 578 2606 illorum
600 2541 643 2606 ali
666 2543 836 2625 augerique
858 2539 1036 2607 luxuriam'.

248 2666 266 2718 2
389 2645 477 2709 Idem
501 2665 572 2708 curn
593 2665 691 2728 prope
712 2644 755 2709 ad
777 2665 894 2710 annum
916 2646 1142 2728 octogesimum
1163 2666 1313 2729 prospera

282 2750 479 2833 pervenisset
501 2748 635 2830 fortuna,
659 2749 808 2813 extremis
831 2749 1025 2832 temporibus
1040 2769 1191 2831 magnum
1207 2749 1311 2814 odium

248 2853 398 2923 pelvium
425 2851 590 2936 permovit,
618 2847 702 2935 quod
729 2871 799 2916 cum
825 2852 967 2916 Demade
994 2851 1034 2916 de
1061 2853 1138 2918 urbe
1160 2853 1314 2917 tradenda

282 2956 448 3040 Antipatro
471 2961 681 3036 consenserat,
712 2955 841 3038 eiusque
864 2956 992 3022 consilio
1014 2956 1244 3021 Demosthenes
1266 2975 1313 3020 ce-

283 3059 412 3141 terique,
442 3059 494 3140 qui
522 3060 603 3123 bene
631 3057 671 3124 de
697 3079 731 3123 re
758 3059 884 3143 publica
911 3059 1015 3124 meriti
1038 3059 1312 3138 existimabantur,

128 3191 231 3234 saruch.
250 3187 265 3233 3
284 3162 392 3247 populi
421 3162 498 3227 scito
529 3169 619 3227 01011
648 3163 780 3246 expulsi.
827 3165 938 3245 Neque
967 3162 1001 3230 in
1028 3182 1065 3228 eo
1091 3163 1191 3227 solum
1218 3163 1313 3227 offen-

283 3265 381 3346 derat,
413 3264 495 3347 quod
522 3266 643 3349 patriae
669 3266 751 3330 male
779 3267 986 3348 consuluerat,
1017 3266 1073 3332 sed
1104 3267 1199 3331 etiam
1231 3264 1312 3348 quod

283 3368 440 3433 amicitiae
469 3368 564 3432 fidem
594 3390 657 3433 non
686 3371 894 3453 praestiterat.
940 3370 1084 3451 Namque
1117 3376 1229 3434 auctus
1261 3367 1314 3432 011-

283 3474 428 3553 iutusque
450 3492 470 3535 a
492 3472 704 3538 Demosthene
732 3492 813 3553 eum,
842 3493 935 3554 quem
962 3473 1101 3553 tenebat,
1127 3472 1313 3537 ascenderat

284 3555 426 3660 gradum,
460 3593 531 3638 eum
559 3575 712 3640 adversus
743 3575 909 3641 Charetem
940 3595 1011 3640 eum
1040 3578 1239 3659 subornaret;
1272 3575 1314 3638 ab

285 3697 383 3760 eoque
405 3677 438 3741 in
460 3677 594 3759 iudiciis,
625 3699 696 3743 eum
724 3679 835 3762 eapitis
862 3699 989 3744 eausam
1011 3677 1139 3760 diceret
1165 3677 1315 3743 defensus

284 3782 314 3824 ¹·
388 3789 390 3791 ’
466 3783 791 3864 001111010001111
817 3802 880 3848 non
904 3784 1035 3848 solum
1025 3805 1059 3847 11
1082 3783 1229 3867 perieulis
1251 3802 1313 3847 nou
