2934 4192
489 201 784 259 rumunnense.
803 209 827 260 5.
846 209 870 261 c.
1172 195 1192 255 5

164 395 205 438 an
234 373 360 439 obviam
389 374 471 440 irent
504 375 646 443 hostibus
677 379 808 461 acieque
837 379 1051 448 decernerent.
1103 383 1226 450 Unuss
1267 457 1269 462 ,

164 476 319 542 Miltiades
348 478 487 543 maxime
516 480 683 562 nitebatur,
714 487 749 546 ut
770 483 875 574 primo
902 505 1026 567 quoque
1053 492 1192 570 tempore

165 587 267 647 castra
295 581 422 647 fierent:
453 581 487 646 id
518 584 545 658 si
574 584 693 649 factum
723 591 815 667 esset,
847 592 878 651 et
905 587 1027 654 civibus
1053 589 1192 654 animum
1239 623 1241 629 .

164 705 369 767 accessurum,
397 705 468 750 cum
491 686 634 752 viderent
656 687 697 752 de
719 689 835 754 virtute
857 710 914 754 sua
937 711 1000 755 non
1022 690 1191 776 desperari,

165 795 197 854 et
224 789 330 856 hostes
360 789 470 855 eadem
500 810 535 856 re
564 790 630 857 fore
659 791 821 874 tardiores,
849 793 876 858 si
905 793 1193 860 animadverterent

164 892 271 958 auderi
292 892 445 959 adversus
468 913 501 959 se
523 901 589 958 tam
611 894 735 978 exiguis
759 896 856 979 copiis
878 894 1029 962 dimicari.
1067 899 1135 962 Hoc
1157 898 1226 962 ino

55 1079 58 1086 1
165 1004 303 1082 tempore
329 997 415 1061 nulla
441 998 552 1062 civitas
574 997 820 1064 Atheniensibus
847 1000 965 1063 auxilio
988 999 1047 1064 fuit
1068 1007 1193 1085 praeter

164 1100 404 1166 Plataeensium.
455 1100 503 1165 Ea
524 1101 610 1167 mille
632 1102 716 1168 misit
738 1102 862 1168 milites.
912 1105 1031 1168 Horum
1054 1104 1193 1169 adventu

165 1205 273 1270 decem
288 1205 374 1269 milia
388 1211 577 1270 armatorum
593 1206 748 1291 completa
763 1212 852 1291 sunt;
881 1227 961 1289 quae
977 1227 1089 1273 manus
1104 1208 1193 1273 mira-

165 1309 220 1374 bili
242 1308 397 1392 flagrabat
418 1308 581 1393 pugnandi
604 1309 784 1393 cupiditate.
832 1309 900 1386 Quo
927 1310 1046 1375 factum
1073 1318 1129 1394 est,
1157 1318 1225 1383 ute
1306 1317 1308 1322 '

164 1413 233 1497 plus
256 1431 349 1495 quam
372 1413 511 1496 collegae
532 1412 689 1478 Miltiades
712 1414 840 1478 valeret.
867 1414 944 1478 Ilius
967 1433 1042 1498 ergo
1063 1414 1193 1478 auctori-

164 1522 229 1581 tate
250 1515 376 1600 impulsi
391 1515 601 1582 Athenienses
623 1518 729 1601 copias
753 1537 793 1581 ex
815 1519 893 1583 urbe
916 1517 1093 1582 eduxerunt
1114 1520 1193 1582 loro-

165 1640 225 1702 que
247 1618 360 1684 idoneo
382 1624 485 1685 castra
506 1618 656 1685 fecerunt.
694 1621 776 1684 Dein
796 1627 921 1704 postero
936 1617 988 1685 die
1004 1621 1062 1686 sub
1078 1619 1193 1684 montis
1212 1643 1227 1690 3

164 1722 321 1788 radicibus
350 1722 419 1788 acie
447 1723 600 1788 instructa
626 1723 755 1808 regione
782 1744 845 1788 non
870 1723 1069 1808 apertissima
1095 1721 1207 1808 (nam.

166 1845 226 1909 que
252 1825 379 1891 arbores
405 1827 512 1892 multis
537 1827 614 1891 locis
644 1834 734 1891 erant
762 1825 865 1911 rarae)
888 1827 1040 1910 proelium
1070 1818 1193 1891 commi-

165 1935 281 2010 serunt,
305 1928 364 1993 hoc
386 1929 524 2010 consilio,
547 1935 583 1992 ut
605 1935 636 1993 et
659 1929 811 1994 montium
830 1929 995 1994 altitudine
1014 1935 1193 2013 tegerentur

165 2041 197 2100 et
219 2033 363 2097 arborum
384 2037 486 2097 tractu
509 2033 666 2115 equitatus
688 2032 825 2098 hostium
846 2031 1058 2118 impediretur.
1093 2033 1228 2114 Datis,r

166 2138 224 2202 etsi
246 2157 309 2201 non
332 2155 466 2218 aequum
488 2135 591 2201 locum
614 2135 743 2201 videbat
765 2136 839 2217 suis,
865 2143 972 2202 tamen
994 2157 1124 2202 numero
1147 2158 1194 2202 oo·

164 2243 286 2327 piarum
316 2240 414 2306 fretus
434 2241 605 2324 'confligere
632 2241 787 2325 cupiebat,
819 2260 918 2323 coque
950 2241 1065 2324 magis,
1100 2241 1193 2323 quod,
1219 2325 1221 2330 ,

164 2346 345 2430 priusquam
360 2342 603 2409 Lacedaemonii
618 2342 758 2408 subsidio
776 2344 930 2426 venirent,
954 2343 1103 2408 dimicare
1118 2345 1193 2408 utile

164 2449 383 2516 arbitrabatur.
418 2449 530 2530 Itaque
552 2447 585 2511 in
607 2448 708 2512 aciem
730 2446 872 2531 peditum
895 2453 1030 2528 centum,
1055 2447 1193 2530 equitum

165 2552 275 2618 decem
305 2551 391 2616 milia
420 2550 568 2635 produxit
598 2550 811 2634 proeliumque
845 2550 1007 2616 commisit.
1060 2552 1098 2615 ln
1132 2571 1227 2633 quos

165 2663 252 2721 tanto
275 2657 345 2740 plus
367 2655 481 2720 virtute
500 2655 666 2719 valuerunt
680 2654 899 2736 Athenienses,
923 2662 958 2719 ut
972 2653 1195 2738 decemplicem

165 2779 329 2825 numerum
344 2758 480 2823 hostium
495 2758 700 2842 profligarint,
724 2756 866 2841 adeoque
885 2777 938 2824 eos
952 2764 1193 2841 perterruerunt,

165 2870 200 2929 ut
228 2863 336 2947 pavidi
366 2883 430 2927 non
461 2868 572 2943 castra,
604 2861 661 2928 sed
690 2881 788 2927 naves
819 2861 896 2945 fuga
925 2861 1079 2947 petierint.
1125 2861 1195 2936 Qua

166 2987 274 3052 pugna
296 2964 373 3030 nihil
395 2965 499 3030 adhuc
522 2965 643 3030 exstitit
665 2965 808 3030 nobilius.
837 2966 933 3029 Nulla
948 2965 1031 3030 enim
1047 2985 1194 3047 umquam

167 3078 232 3136 tam
255 3071 372 3155 exigua
394 3089 506 3135 manus
529 3075 633 3134 tantas
656 3089 732 3153 opes
754 3069 931 3153 prostravit.

271 3174 368 3240 Cuius
391 3174 541 3239 victoriae
563 3194 626 3239 non
649 3173 786 3237 alienum
809 3172 934 3238 videtur
956 3172 1077 3253 docere,
1102 3173 1229 3254 quales

166 3279 340 3363 praemium
355 3276 487 3342 Miltiadi
511 3277 552 3342 sit
574 3277 734 3358 tributum,
759 3296 819 3358 quo
835 3276 958 3341 facilius
972 3277 1113 3359 intellegi
1129 3297 1196 3360 pos-

167 3383 208 3448 sit
235 3381 369 3446 eandem
396 3381 534 3445 omnium
562 3381 724 3445 civitatum
752 3401 820 3446 esse
848 3386 1000 3444 naturam.
1046 3380 1089 3446 Ut
1112 3380 1229 3444 enimc

167 3486 274 3571 populi
296 3485 429 3550 Romani
451 3483 584 3549 honores
607 3483 765 3566 quondam
787 3483 914 3548 fuerunt
940 3483 1001 3548 rari
1029 3490 1060 3547 ct
1086 3489 1196 3548 tenues

168 3591 207 3654 ob
224 3608 357 3671 eamque
377 3607 504 3652 causam
522 3588 658 3671 gloriosi,
682 3608 766 3652 nuno
788 3594 892 3652 autem
916 3587 1006 3651 effusi
1028 3593 1123 3669 atque
1145 3588 1196 3652 ob-

140 3701 142 3706 '
169 3694 257 3758 soleti
283 3698 365 3773 sunt,
392 3691 438 3757 sic
460 3691 533 3756 olim
556 3691 640 3775 apud
662 3690 874 3756 Athenienses
895 3689 992 3756 fuisse
1014 3690 1194 3773 reporimus.

169 3797 313 3877 Namque
335 3794 478 3875 Miltiadi,
509 3795 560 3876 qni
584 3793 725 3858 Athenas
754 3800 913 3874 totamque
937 3794 1100 3858 Graeciam
1122 3793 1230 3862 libe-3
