2934 4192
298 185 337 246 16
624 200 674 254 IV.
692 199 919 256 PAUSANIAS.
938 205 961 257 2.
976 207 1000 256 3.

297 393 366 437 cum
390 374 489 438 classe
513 372 670 436 communi
690 373 843 438 Graeciae
866 375 1006 458 Cyprum
1027 377 1122 459 atque
1144 378 1326 462 Hellespon·

295 483 362 540 turn
384 475 544 557 miserunt,
568 482 603 540 ut
625 495 666 540 er
687 474 934 560 hisrcgionibns
950 478 1152 545 barbarorum
1168 482 1325 565 praesidia

262 581 475 665 adepelleret.
502 580 576 644 Pari
591 579 741 646 felicitate
756 581 789 646 in
812 601 851 646 ea
872 601 907 647 re
928 602 1003 648 usus
1027 583 1138 650 elatius
1160 604 1195 650 se
1217 605 1326 669 gerere

296 683 491 766 maioresque
512 703 563 749 res
585 690 735 769 appetere
758 685 870 769 coepit.
901 687 985 761 Nam
1008 707 1078 752 oum
1097 689 1253 772 Byzantio
1276 709 1325 754 ex-

295 791 436 871 pugnato
463 787 599 878 cepisset
626 789 801 872 complures
822 790 989 854 Persarum
1018 791 1141 857 nobiles
1170 797 1265 875 atque
1293 793 1325 856 in

296 893 342 957 eis
364 892 529 957 nonnullos
550 891 634 976 regis
656 892 857 977 propinquos,
885 893 942 960 hos
969 894 1049 958 clam
1071 895 1173 960 Xerxi
1199 895 1325 977 remisit,

297 1015 337 1060 ex
359 994 472 1060 vinclis
493 995 627 1079 publicis
649 996 800 1080 effugisse
825 997 986 1079 simulans,
1017 1002 1048 1062 et
1078 1018 1149 1062 cum
1179 1000 1225 1065 eis
1248 999 1326 1065 Gon-

241 1101 244 1107 “
296 1100 407 1183 gylum
429 1098 650 1181 Eretriensem,
674 1099 727 1182 qui
749 1100 869 1166 litteras
891 1101 958 1185 regi
979 1099 1135 1187 redderet,
1157 1101 1191 1166 in
1214 1102 1325 1184 quibus

263 1220 279 1267 a
298 1203 377 1267 haec
392 1202 506 1278 fuissse
522 1202 639 1287 scripta
652 1202 857 1288 Thucydides
872 1203 1042 1270 memoriae
1056 1204 1212 1289 prodidit:
1240 1201 1326 1271 ‘Pau
1443 1191 1444 1262 l

296 1307 413 1386 sanias,
444 1304 510 1388 dux
537 1306 680 1390 Spartae,
711 1326 789 1390 quos
818 1308 966 1391 Byzantii
996 1315 1131 1392 ceperat,
1161 1314 1325 1394 postquam

296 1410 487 1494 propinquos
512 1415 583 1475 tuos
610 1412 680 1476 esse
703 1411 860 1494 cognovit,
886 1410 945 1476 tibi
971 1413 1093 1477 muneri
1119 1412 1205 1476 misit
1231 1432 1325 1495 seque

297 1521 400 1579 tecum
422 1512 577 1578 affinitate
601 1513 749 1597 coniungi
772 1514 866 1598 cupit.
895 1512 1009 1597 Quare,
1032 1515 1059 1580 si
1081 1515 1138 1580 tibi
1160 1515 1325 1597 videbitur,

263 1635 277 1680 4
297 1623 429 1701 nuptum
452 1617 481 1682 ei
504 1616 560 1682 des
582 1615 679 1680 filiam
701 1623 797 1681 tuam.
832 1616 871 1682 Id
893 1618 920 1683 si
941 1617 1064 1700 feceris,
1088 1625 1120 1683 et
1135 1619 1280 1702 Spartam
1296 1625 1326 1685 et

297 1727 432 1787 ceteram
456 1721 619 1786 Graeciam
642 1721 700 1786 sub
723 1727 809 1785 tuam
832 1726 1021 1805 potestatem
1044 1741 1079 1787 se
1100 1721 1273 1788 adiuvante
1294 1728 1326 1788 te

296 1825 493 1890 redacturum
525 1824 696 1909 pollicetur.
745 1825 804 1890 His
835 1824 873 1889 de
903 1825 997 1890 rebus
1026 1825 1054 1890 si
1081 1823 1156 1908 quid
1182 1825 1250 1909 geri
1276 1847 1327 1891 vo·

295 1930 400 2010 lucris,
431 1936 549 1993 certum
579 1927 739 1994 hominem
768 1927 810 1992 ad
840 1948 912 1993 eum
940 1927 992 1993 sac
1018 1927 1135 2010 mittas,
1165 1948 1237 1993 curn
1266 1949 1327 2012 quo

263 2027 508 2115 scolloquatur'.
550 2033 621 2096 Rex
643 2037 690 2097 tot
711 2031 872 2096 bominum
895 2031 996 2097 salute
1017 2037 1082 2096 tam
1105 2031 1327 2098 sibinecessa-
1443 2017 1444 2042 ¹

296 2135 412 2224 riorum
431 2156 546 2219 magno
565 2155 659 2219 opere
679 2135 808 2218 gavisus
825 2134 988 2201 confestim
1006 2155 1077 2200 cum
1093 2135 1226 2220 epistula
1240 2137 1327 2201 Arta-
1443 2203 1444 2214 ,

296 2240 409 2304 barum
435 2239 477 2303 ad
498 2238 688 2304 Pausaniam
718 2238 823 2320 mittit,
854 2239 887 2302 in
917 2259 980 2322 qua
1009 2259 1081 2304 eum
1109 2238 1328 2304 collaudatae
1443 2269 1444 2320 p

296 2344 384 2428 petit,
407 2355 448 2408 ne
471 2342 520 2406 cui
542 2342 588 2407 rei
609 2348 719 2426 parcat
740 2341 782 2406 ad
805 2362 842 2406 ea
865 2340 1041 2424 efficienda,
1068 2362 1148 2426 quae
1170 2343 1327 2426 pollicere·
1443 2423 1444 2432 ἦ

297 2454 363 2511 tur:
393 2446 421 2511 si
449 2445 630 2530 perfecerit,
660 2445 775 2510 nullius
804 2445 850 2510 rei
880 2466 900 2510 a
929 2465 976 2511 sex
992 2446 1151 2530 repulsam
1179 2445 1325 2510 laturum.
1443 2433 1444 2474 f

195 2601 197 2606 -
262 2550 469 2617 oPausanias
498 2550 583 2633 regis
613 2549 773 2614 voluntate
803 2549 930 2632 cognita
959 2549 1091 2614 alacrior
1120 2547 1161 2613 ad
1187 2568 1254 2613 rem
1276 2569 1329 2633 ge-

297 2652 428 2720 rendam
451 2654 553 2719 factus
574 2653 607 2718 in
630 2653 841 2737 suspicionem
863 2651 976 2718 incidit
996 2651 1326 2717 Lacedaemoniorum.
1377 2725 1379 2732 ,

298 2757 367 2834 Qua
389 2777 423 2822 re
450 2756 577 2821 domum
603 2763 778 2838 revocatus,
807 2741 980 2821 accusatus
1003 2755 1117 2839 capitis
1145 2755 1328 2838 absolvitur,

217 2923 222 2946 ,
297 2862 445 2925 multatur
467 2867 574 2924 tamen
595 2861 747 2945 pecunia:
779 2880 872 2943 quam
895 2860 943 2926 ,ab
974 2879 1101 2924 oausam
1130 2857 1172 2922 ad
1195 2859 1328 2924 classem

261 2978 279 3031 3
298 2965 446 3030 remissus
468 2985 532 3029 non
555 2971 612 3029 est.
649 2967 692 3028 At
713 2965 766 3029 ille
788 2985 851 3029 non
870 2963 967 3028 multo
981 2968 1053 3047 post
1074 2981 1132 3027 sua
1153 2968 1265 3046 sponte
1286 2961 1331 3027 ad

298 3069 469 3133 exercitum
495 3066 588 3132 rediit
615 3073 646 3133 et
671 3068 716 3133 ibi
745 3088 809 3132 non
838 3065 996 3148 incallida,
1028 3065 1085 3131 sed
1115 3065 1254 3131 dementi
1283 3086 1330 3130 ra-
1443 3055 1444 3058 ¹

297 3173 382 3237 tione
413 3173 542 3238 consilia
572 3193 629 3237 sua
658 3172 818 3256 patefecit.
863 3171 936 3235 Non
967 3169 1051 3234 enim
1080 3189 1182 3235 mores
1210 3169 1332 3253 patrios

264 3276 408 3358 asolum,
431 3276 488 3342 sed
510 3277 605 3341 etiam
628 3277 744 3342 cultum
766 3275 977 3358 vestitumque
996 3273 1139 3339 mutavit.
1165 3273 1332 3358 Apparatu

297 3381 387 3466 regio
406 3380 562 3462 utebatur,
589 3380 778 3445 induebatur
800 3384 889 3444 veste
911 3377 1043 3459 Medica,
1072 3376 1222 3442 satellites
1244 3375 1332 3441 Medi

298 3490 330 3548 et
344 3483 495 3568 Aegyptii
510 3483 730 3565 sequebantur,
755 3481 941 3566 epulabatur
959 3500 1046 3546 more
1059 3481 1226 3546 Persarum
1241 3480 1333 3544 luxu-

264 3587 409 3654 criosius
436 3608 540 3669 quam,
571 3586 624 3669 qui
647 3584 789 3667 aderant,
812 3584 933 3670 perpeti
956 3589 1094 3667 possent.
1125 3582 1254 3676 Aditum
1277 3602 1334 3668 pe

298 3692 437 3757 tentibus
458 3710 522 3755 non
544 3688 651 3771 dabat,
679 3689 814 3773 superbe
836 3687 1057 3772 respondebat,
1084 3685 1250 3752 crudeliter
1275 3687 1335 3750 im-

298 3795 438 3874 perabat.
477 3795 621 3878 Spartam
644 3792 747 3857 redire
770 3791 914 3858 nolebat:
946 3791 1089 3872 Oolonas,
1113 3789 1166 3874 qui
1188 3789 1275 3854 locus
1297 3788 1332 3854 in
