2934 4192
408 711 660 787 connunn
688 703 916 786 nurorrs
996 659 1003 673 ⁸

610 882 722 936 LIBER

155 1047 245 1140 DE
272 1043 848 1141 llXOllLLENTIBUS
885 1042 1180 1142 DUCIBUS

371 1247 690 1314 urrunnnun
720 1246 968 1313 snnrrun.

566 1439 771 1448 —.-....-...—..

257 1569 335 1664 Non
350 1593 474 1679 dubito,
497 1596 571 1680 quin
588 1595 685 1661 futuri
700 1597 772 1678 sint,
795 1597 909 1679 Attice,
933 1596 986 1680 qui
1009 1595 1069 1662 hoc
1084 1616 1184 1680 genus

156 1703 327 1786 scripturae
349 1701 419 1764 leve
442 1705 474 1764 et
495 1721 558 1766 non
581 1699 658 1764 satis
681 1698 811 1783 dignum
834 1720 1025 1765 summorum
1048 1699 1184 1765 virorum

157 1805 296 1890 personis
317 1803 466 1884 iudicent,
490 1822 560 1866 curn
582 1802 715 1866 relatum
738 1803 854 1886 legent,
878 1803 948 1886 quis
968 1802 1120 1868 musicam
1135 1801 1186 1866 do-

157 1909 255 1973 cuerit
268 1906 531 1992 Epaminondam,
552 1911 606 1970 aut
625 1906 659 1971 in
675 1906 742 1972 eius
757 1907 925 1972 virtutibus
941 1906 1184 1989 commemorari,
1205 1965 1206 1970 ,

157 2013 288 2077 saltasse
315 2031 385 2076 eum
414 2009 576 2076 commode
603 2009 800 2093 scienterque
828 2010 914 2076 tibiis
936 2015 1090 2075 cantasse.
1123 2009 1220 2078 Sede

157 2115 179 2178 ii
206 2121 296 2180 erunt
321 2113 397 2196 sere,
429 2112 482 2196 qui
513 2119 660 2198 expertes
689 2114 862 2178 litterarum
886 2113 1075 2178 Graecarum
1108 2112 1187 2177 nihil

157 2225 285 2300 rectum,
308 2217 370 2282 nisi
393 2215 476 2299 quod
498 2217 636 2301 ipsorum
658 2217 796 2282 moribus
819 2217 996 2298 conveniat,
1020 2217 1185 2300 putabunt.

157 2322 199 2387 Hi
221 2322 247 2387 si
270 2320 436 2385 didicerint
458 2340 522 2385 non
545 2319 656 2384 eadem
678 2321 824 2385 omnibus
847 2340 916 2386 esse
938 2319 1072 2384 honesta
1093 2325 1187 2402 atque
1206 2339 1221 2386 3

157 2425 269 2509 turpia,
300 2423 357 2490 sed
383 2423 489 2488 omnia
515 2424 669 2488 maiorum
695 2423 852 2488 institutis
873 2422 1014 2504 iudicari,
1045 2443 1108 2487 non
1135 2423 1187 2487 ad·

157 2527 353 2592 mirabuntur
367 2546 425 2592 nos
440 2527 473 2591 in
486 2525 675 2591 Graecorum
690 2525 859 2591 virtutihus
875 2524 1071 2609 exponendis
1086 2545 1187 2591 mores

158 2651 265 2696 eorum
280 2635 412 2696 secutos.
436 2630 548 2725 hlequc
564 2629 648 2704 enim
664 2629 795 2710 Cimoni,
811 2627 1052 2694 Atheniensium
1068 2648 1188 2693 summo
1207 2651 1222 2696 4

158 2734 234 2815 viro,
256 2738 348 2817 turpe
370 2731 430 2797 fuit
452 2752 588 2798 sororem
602 2752 785 2817 germanam
801 2731 917 2796 habere
932 2731 966 2795 in
981 2731 1188 2814 matrimonio,

159 2837 275 2921 quippe
302 2856 372 2901 curn
400 2835 486 2902 cives
509 2835 576 2901 eius
599 2834 709 2901 eodem
732 2841 892 2900 uterentur
914 2835 1065 2918 instituto.
1099 2836 1142 2900 nt
1156 2835 1190 2900 id

160 2939 286 3023 quidem
308 2939 422 3005 nostris
448 2939 587 3004 moribus
613 2938 703 3005 nefas
730 2937 872 3004 habetur.
917 2938 1013 3003 Nullo
1035 2937 1190 3003 Lacedae·

159 3062 252 3108 mone
273 3041 370 3108 vidua
392 3049 457 3106 tam
478 3049 525 3108 est
538 3043 664 3124 nobilis,
688 3062 768 3125 quae
783 3062 847 3106 non
862 3041 904 3105 ad
920 3061 1030 3106 conam
1047 3047 1098 3105 eat
1112 3061 1190 3105 rner-

160 3145 237 3212 cede
252 3143 415 3211 conducta.
443 3145 567 3229 Magnis
589 3145 623 3209 in
645 3144 791 3209 laudibus
813 3150 879 3208 tota
901 3143 967 3209 fere
982 3143 1042 3208 fuit
1058 3144 1224 3210 Graecias

160 3250 310 3315 victorem
341 3247 507 3332 Olympiae
537 3248 642 3333 citari3
673 3248 706 3312 in
736 3267 885 3313 scaenam
911 3267 986 3312 vero
1008 3246 1132 3332 prodire
1154 3267 1192 3310 ac

160 3354 275 3438 populo
305 3371 374 3418 esse
405 3337 583 3436 spectaculo
612 3351 732 3417 nemini
764 3358 830 3418 erat
858 3349 1054 3435 turpitudini.
1102 3347 1191 3426 Quae

161 3457 267 3522 omnia
295 3454 381 3540 apud
407 3475 465 3520 nos
494 3455 609 3540 partim
639 3454 781 3537 infamia,
808 3454 922 3539 partim
945 3453 1076 3518 humilia
1097 3460 1192 3536 atque

162 3559 202 3624 ab
225 3558 390 3624 honestate
412 3567 531 3624 remota
553 3558 718 3626 habentur.
758 3559 874 3625 Contra
897 3578 935 3622 ea
956 3559 1055 3622 multa
1077 3557 1225 3624 nostriss

162 3663 300 3728 moribus
329 3668 403 3746 sunt
432 3661 553 3745 decora,
585 3683 665 3745 quac
694 3661 780 3746 apud
806 3662 876 3727 illos
902 3660 1006 3746 turpia
1032 3666 1189 3744 putantur.

164 3763 264 3842 Quem
296 3765 380 3830 enim
402 3767 611 3832 Romanorum
641 3764 739 3851 pudet
768 3784 898 3831 uxorem
927 3763 1041 3830 ducere
1067 3763 1100 3827 in
1125 3784 1193 3828 con-

216 3873 362 3916 corucllus
375 3873 468 3926 sapon.
496 3873 533 3915 Ed.
546 3872 686 3915 hweldner.
1025 3870 1037 3920 1
