2934 4192
252 196 296 258 40
625 209 659 263 Χ.
679 209 775 264 DION.
794 213 818 265 8.
838 214 861 265 9.
876 214 916 266 10.

252 405 390 450 sororem
412 383 532 464 Dionis,
556 402 749 464 uxoremque
771 384 897 447 Areten.
941 382 1018 447 Illae
1040 383 1151 447 timore
1173 388 1288 466 perter-

251 489 332 552 ritae
362 486 562 569 conveniunt,
596 485 684 551 euius
718 485 758 550 de
787 485 926 570 periculo
955 486 1118 551 timebant.
1165 487 1208 550 At
1235 484 1290 550 ille

251 597 349 673 negat
374 610 395 653 a
418 589 561 673 Callippo
588 590 648 654 sibi
674 589 742 653 fieri
764 588 909 670 insidias,
937 589 994 654 sed
1019 590 1086 671 illa,
1114 609 1196 673 quae
1217 609 1290 672 age-

217 710 233 758 s
252 700 368 773 rentur,
385 692 453 757 fieri
465 699 634 777 praecepto
646 712 711 757 suo.
735 691 881 757 Mulieres
893 692 990 757 nihilo
1003 693 1100 758 setius
1112 693 1289 776 Callippum

251 797 285 860 in
307 795 427 861 >aedem
453 795 660 879 Proserpinae
689 795 848 860 deducunt
874 816 912 860 ao
938 797 1041 861 iurare
1068 803 1185 880 cogunt
1210 795 1301 860 nihil

251 900 292 964 ab
315 900 367 965 illo
389 899 520 985 periculi
543 899 609 964 fore
631 899 736 963 Dioni.
775 899 832 963 Ille
854 898 915 964 hae
937 899 1087 982 religione
1109 920 1173 964 non
1196 898 1290 964 modo

251 1022 314 1067 non
345 1009 394 1068 est
423 1001 599 1083 deterritus,
630 1000 687 1066 sed
716 1001 758 1066 ad
784 1002 1005 1067 maturandum
1033 1003 1217 1083 concitatus,
1248 1022 1289 1066 ne

251 1106 342 1189 prius
369 1105 533 1170 consilium
562 1105 735 1188 aperiretur
765 1125 866 1186 suum,
898 1127 992 1188 quam
1023 1106 1161 1189 cogitata
1189 1104 1289 1189 perfe-

214 1208 355 1275 ecisset.
401 1209 470 1272 Hac
497 1214 603 1272 mente
629 1208 772 1291 proximo
799 1207 851 1272 die
877 1209 968 1290 fest0,
996 1229 1067 1272 oum
1088 1228 1109 1271 a
1131 1215 1288 1273 conventu

251 1331 286 1376 se
315 1317 469 1375 remotum
496 1310 581 1375 Dion
608 1310 692 1375 domi
720 1317 843 1376 teneret
865 1317 961 1393 atque
982 1311 1016 1375 in
1039 1311 1182 1375 conclavi
1205 1309 1289 1375 edito

251 1414 455 1494 recubuisset,
483 1413 616 1479 consciis
643 1413 791 1479 facinoris
818 1414 887 1478 loca
909 1415 1078 1479 munitiora
1100 1412 1208 1498 oppidi
1230 1420 1289 1477 tra·

251 1517 307 1598 dit,
339 1516 466 1582 domum
492 1518 605 1583 Dionis
634 1517 784 1582 custodiis
814 1519 924 1601 saepit,
955 1518 1121 1583 aforibus
1148 1517 1287 1599 quinon

216 1619 431 1702 adiscedant,
475 1627 575 1686 certos
612 1621 767 1704 praeficit:
811 1641 926 1686 navem
963 1622 1122 1685 triremem
1159 1621 1289 1687 armatis
1316 1679 1319 1682 .

251 1731 341 1790 ornat
367 1724 628 1807 Philostratoque,
655 1725 745 1789 fratri
772 1746 837 1806 suo,
865 1725 960 1789 tradit
987 1745 1119 1807 eamque
1142 1725 1288 1808 inportu

250 1829 364 1912 agitari
392 1829 490 1909 iubet,
525 1830 611 1893 velut
640 1829 666 1894 si
697 1848 845 1893 exercere
878 1828 1014 1912 remiges
1043 1829 1148 1909 vellet,
1182 1834 1226 1909 ut,
1260 1827 1288 1891 si

250 1933 331 1998 forte
361 1932 499 1998 consiliis
529 1932 702 1997 obstitisset
731 1933 867 2012 fortuna,
901 1930 1041 2013 haberet,
1073 1952 1135 2015 qua
1163 1931 1289 2015 fugeret

215 2057 232 2104 3
251 2036 292 2101 ad
315 2035 457 2100 salutem.
492 2034 625 2100 Suorum
648 2043 754 2099 autem
778 2055 946 2099 enumero
969 2035 1162 2119 Zacynthios
1184 2033 1288 2098 adule-

251 2146 375 2205 scentes
403 2137 557 2219 quosdam
584 2139 686 2221 eligit,
718 2159 788 2203 cum
815 2138 1041 2203 audacissimos
1071 2146 1138 2202 tum
1168 2136 1289 2202 viribus

250 2241 496 2321 valentissimos,
526 2241 633 2323 eisque
655 2241 711 2305 dat
732 2242 908 2325 negotium,
936 2248 971 2306 ut
992 2241 1035 2306 ad
1056 2242 1192 2306 Dionem
1214 2247 1289 2305 eant

250 2351 397 2425 inermes,
421 2343 466 2408 sio
486 2350 521 2408 ut
540 2345 750 2409 conveniendi
771 2345 839 2409 eius
854 2345 956 2427 gratia
971 2345 1154 2409 viderentur
1168 2344 1285 2409 venire.

216 2451 278 2516 ali
307 2454 434 2534 propter
460 2447 603 2512 notitiam
631 2455 703 2512 sunt
732 2448 911 2513 intromissi.
968 2449 1011 2512 At
1039 2448 1094 2529 illi,
1129 2454 1164 2512 ut
1192 2447 1288 2511 limen

251 2555 415 2632 intrarunt,
447 2551 567 2616 foribus
594 2551 747 2617 obseratis
769 2551 802 2615 in
825 2550 905 2616 lecto
928 2551 1096 2616 cubantem
1113 2549 1286 2615 invadunt.

252 2654 507 2722 Conflictantium
530 2654 567 2717 fit
589 2655 746 2737 strepitus,
769 2653 849 2718 adeo
869 2660 904 2718 ut
924 2654 1066 2719 exaudiri
1081 2660 1189 2738 posset
1203 2653 1286 2717 foris.

216 2785 233 2833 5
252 2761 321 2841 Hic,
345 2759 426 2824 sicut
448 2764 522 2822 ante
544 2777 641 2841 saepe
664 2757 782 2823 dietum
805 2764 863 2840 est,
887 2779 980 2839 quarn
995 2758 1099 2822 invisa
1121 2763 1205 2823 esset
1227 2755 1286 2822 sin·

251 2862 369 2946 gularis
391 2862 534 2947 potentia
555 2868 587 2925 et
609 2861 789 2926 miseranda
811 2881 917 2926 eorum
944 2861 1020 2942 vita,
1054 2862 1107 2944 qui
1134 2881 1169 2926 se
1191 2859 1287 2925 metui

217 2986 346 3049 equam
368 2965 467 3029 amari
490 2965 622 3045 malunt,
650 2965 750 3031 cuivis
772 2965 865 3030 facile
891 2965 1054 3030 intellectu
1081 2964 1148 3029 fuit.
1194 2965 1287 3028 Nam·

252 3089 313 3152 que
333 3068 467 3133 cubiculi
489 3068 643 3148 custodes,
667 3068 693 3133 si
712 3075 858 3152 prompta
877 3068 1012 3134 fuissent
1026 3069 1198 3149 voluntate,
1218 3067 1288 3132 fori-

251 3173 310 3237 bus
334 3172 471 3237 effraetis
494 3191 619 3236 servare
643 3191 714 3236 eum
740 3179 918 3255 potuerunt,
949 3171 1053 3255 quoad
1078 3172 1123 3236 illi
1152 3171 1288 3236 inermes

251 3276 349 3340 telum
375 3274 451 3339 foris
477 3273 659 3358 flagitames
688 3275 797 3340 vivum
827 3277 987 3341 tenebant.
1034 3275 1092 3340 Oui
1122 3295 1193 3339 eum
1223 3293 1288 3339 suc-

251 3384 389 3443 curreret
411 3397 513 3458 nemo,
536 3378 624 3461 Lyco
648 3378 775 3460 quidam
798 3377 1016 3461 Syracusanus
1038 3399 1095 3462 per
1116 3377 1288 3443 fenestram

251 3480 392 3564 gladium
415 3479 512 3561 dedit,
537 3501 597 3563 quo
619 3481 702 3546 Dion
725 3481 909 3546 interiectus
932 3490 988 3546 est.

200 3604 235 3657 10
357 3583 508 3650 Confecta
524 3584 630 3666 caede,
648 3606 717 3650 cum
733 3585 899 3649 multitudo
914 3585 1040 3651 visendi
1054 3585 1158 3670 gratia
1168 3584 1290 3649 introis-

253 3694 310 3768 set,
333 3687 474 3752 nonnulli
495 3689 536 3753 ab
559 3689 667 3753 inseiis
690 3709 747 3773 pro
769 3689 873 3754 noxiis
894 3689 1107 3754 conciduntur.
1143 3689 1226 3754 Nam
1241 3707 1289 3752 ee-

252 3793 309 3858 leri
324 3811 446 3856 rumore
466 3791 573 3873 dilato,
596 3793 691 3857 Dioni
707 3793 772 3858 vim
787 3792 924 3872 allatam,
947 3793 1037 3856 multi
1058 3797 1288 3871 concurrerant,
