2934 4192
335 228 377 293 20
543 243 577 299 v.
596 242 716 298 cruos.
735 247 759 298 a
775 247 800 298 4.
831 243 880 298 v1.
899 243 1107 298 Lusnuuua.
1132 248 1154 300 1.

336 417 412 483 cidit
434 418 466 482 in
491 417 625 483 eandem
647 416 810 497 invidiam,
833 417 867 480 in
891 437 982 499 quarn
1006 423 1096 501 pater
1119 418 1186 482 eius
1209 418 1372 500 ceterique

334 521 576 587 Atheniensium
605 520 772 606 principes.
824 521 907 584 Nam
941 527 1092 586 testarum
1124 522 1282 606 suffragiis
1316 521 1373 587 de-

180 657 275 699 nsatos
303 645 405 691 neem
426 646 579 691 annorum
603 625 699 691 exiho
724 625 873 690 multatus
904 631 959 690 est.
1007 625 1103 690 Cuius
1132 624 1208 690 facti
1236 625 1372 692 celerius

335 729 546 796 Athenienses
570 750 661 813 quam
685 729 789 813 ipsum
811 728 974 812 paenituit.
1009 729 1092 793 Nam
1109 749 1179 794 cum
1194 729 1247 794 ille
1262 729 1372 795 animo

335 833 408 898 torti
444 831 584 898 invidiae
617 833 810 917 ingratorum
849 831 965 897 civium
1003 832 1149 898 cessisset
1188 833 1372 914 bellumque

335 935 577 1002 Lacedaemonii
595 934 843 1000 Atheniensibus
864 934 1064 1017 indixissent,
1088 936 1252 1002 confestim
1274 943 1372 1001 notae

301 1041 403 1106 acius
432 1039 557 1106 virtutis
587 1036 776 1104 desiderium
807 1046 1009 1104 consecutum
1043 1045 1100 1105 est,
1152 1041 1264 1122 Itaque
1296 1047 1373 1124 post

335 1163 452 1209 annum
476 1143 628 1225 quintum,
656 1162 750 1224 quam
774 1143 924 1226 expulsus
947 1149 1023 1224 erat,
1053 1143 1086 1207 iu
1117 1143 1251 1228 patriam
1280 1162 1371 1208 revo-

336 1253 423 1313 catus
438 1252 494 1312 est.
525 1246 582 1310 Ille
605 1244 689 1328 quod
711 1245 847 1330 hospitio
869 1244 1188 1312 Lacedaemoniorum
1210 1247 1369 1329 utebatur,

335 1351 432 1417 satius
455 1349 640 1415 existimans
662 1349 759 1412 animi
782 1349 999 1433 magnitudine
1023 1369 1116 1433 quam
1131 1350 1226 1414 armis
1242 1357 1370 1415 couten-

335 1454 419 1536 dere,
441 1452 712 1518 Lacedaemonem
735 1473 793 1518 sua
815 1458 926 1536 sponte
948 1458 996 1517 est
1017 1452 1175 1538 profectus
1194 1473 1370 1538 pacemque

180 1585 276 1632 sanson
302 1574 319 1621 4
337 1559 419 1622 inter
441 1555 520 1623 duas
540 1556 774 1642 potentissimas
797 1556 940 1621 civitates
963 1556 1150 1621 conciliavit.
1188 1557 1300 1640 Neque
1322 1559 1371 1623 ita

335 1663 431 1726 multo
446 1667 518 1745 post
533 1661 673 1744 Cyprum
689 1680 759 1724 cum
783 1658 926 1725 ducentis
949 1660 1084 1725 navibus
1105 1660 1274 1744 imperator
1296 1662 1369 1726 mis-

335 1785 388 1830 sus
415 1785 486 1830 cum
508 1764 657 1829 maiorem
680 1769 801 1848 partem
823 1763 945 1828 insulae
968 1762 1145 1844 devicisset,
1167 1763 1201 1827 in
1224 1764 1368 1830 morbum

335 1868 503 1952 implicitus
525 1868 558 1932 in
581 1866 793 1952 oppugnando
816 1866 932 1952 oppido
956 1867 1036 1932 Citio
1060 1873 1107 1931 cst
1129 1873 1278 1932 mortuus.

300 1982 317 2035 4
438 1972 532 2035 Hunc
553 1970 764 2036 Athenienses
787 1991 849 2035 non
873 1970 973 2034 solum
1003 1970 1036 2034 in
1066 1970 1157 2051 bello,
1188 1969 1244 2034 sed
1272 1970 1368 2035 ctiam

334 2075 367 2139 in
382 2094 461 2159 pace
479 2073 534 2138 diu
554 2073 821 2139 desideraverunt.
857 2073 929 2137 Fuit
953 2073 1036 2138 enim
1059 2079 1147 2137 tanta
1169 2072 1366 2156 liberalitate,
1451 2053 1452 2068 ¹

334 2161 382 2259 ut,¹
410 2197 481 2242 cum
511 2176 721 2261 compluribus
750 2177 826 2242 locis
860 2175 990 2261 praedia
1023 2176 1192 2258 hortosque
1224 2177 1366 2260 haberet,

334 2301 506 2362 numquam
527 2280 560 2345 in
585 2279 630 2344 eis
653 2277 798 2345 custodes
813 2286 944 2365 poneret
958 2279 1076 2345 fructus
1092 2278 1240 2345 servandi
1254 2282 1366 2364 gratia,

335 2403 375 2448 ne
399 2383 468 2465 quis
491 2381 704 2468 impediretur,
734 2403 794 2465 quo
817 2383 920 2448 miuus
944 2383 989 2448 eis
1013 2383 1115 2464 rebus,
1145 2383 1258 2465 quibus
1285 2385 1368 2466 quis-

301 2501 316 2549 2
337 2507 396 2570 que
411 2487 514 2568 vellet,
530 2487 693 2551 frueretur.
724 2487 855 2571 Semper
874 2507 945 2551 eum
960 2486 1124 2571 pedisequi
1145 2507 1215 2550 cum
1230 2488 1369 2553 nummis

335 2597 409 2656 sunt
431 2591 539 2672 secuti,
563 2597 606 2672 ut,
627 2591 654 2655 si
671 2591 740 2673 quis
760 2591 828 2674 opis
851 2591 918 2655 eius
940 2589 1106 2674 indigeret,
1128 2589 1260 2655 haberet
1283 2592 1369 2674 quod
1449 2595 1450 2598 ’

335 2695 441 2760 statim
463 2693 561 2776 daret,
584 2714 625 2759 ne
641 2693 816 2759 differendo
831 2692 990 2759 videretur
1005 2713 1130 2777 negare.
1160 2695 1272 2778 Saepe,
1295 2714 1368 2760 cum

335 2798 471 2881 aliquem
491 2797 673 2863 offendisset
693 2797 796 2862 minus
816 2797 898 2862 bene
912 2797 1070 2878 vestitum,
1093 2817 1183 2863 suum
1199 2797 1370 2864 amiculum

302 2912 317 2958 3
336 2901 431 2967 dedit.
463 2901 598 2967 Cottidie
618 2902 664 2966 sic
679 2922 758 2965 cena
776 2901 804 2965 ei
821 2903 1021 2984 coquebatur,
1044 2908 1087 2983 ut,
1112 2922 1189 2984 quos
1203 2902 1369 2968 invocatos

335 3005 467 3069 vidisset
489 3005 521 3068 in
544 3005 621 3085 foro,
644 3025 753 3069 omncs
775 3004 817 3068 ad
840 3025 874 3070 se
895 3011 1038 3090 vocarct3
1063 3004 1146 3088 quod
1161 3004 1265 3069 facere
1280 3005 1369 3070 nullo

336 3108 387 3172 die
410 3108 687 3192 praetermittebat.
732 3108 818 3172 Nulli
844 3107 924 3190 fides
951 3108 1027 3189 eius,
1058 3108 1134 3172 nulli
1161 3128 1266 3193 opera,
1288 3109 1370 3175 nulli

335 3231 385 3275 res
408 3210 570 3275 familiaris
593 3209 709 3296 defuit;
737 3211 841 3276 multis
868 3211 949 3276 filias
972 3212 1152 3297 collocavit;
1181 3212 1368 3296 complutae,

337 3315 399 3396 qui,
423 3314 507 3379 unde
531 3314 723 3394 efferrentur,
752 3335 815 3379 non
838 3314 1047 3396 reliquissent,
1077 3335 1133 3379 suo
1161 3321 1286 3399 sumptu
1314 3334 1368 3379 ex-

302 3428 317 3472 4
337 3417 415 3482 tulit.
443 3417 495 3483 Sic
515 3437 548 3482 se
570 3416 709 3501 gerendo
732 3418 861 3482 minime
885 3423 933 3482 est
954 3417 1141 3499 mirandum,
1164 3418 1192 3483 si
1215 3424 1246 3483 et
1267 3417 1368 3484 vitam

337 3521 456 3585 civibus
478 3521 554 3586 fecit
577 3541 681 3586 caram
703 3527 735 3586 et
756 3528 887 3585 mortem
910 3521 1065 3586 acerbam.

306 3631 316 3679 l
439 3625 491 3688 VI.
511 3624 682 3689 Lnsnnoss
704 3624 973 3690 Lacedaemonius
996 3644 1144 3707 magnam
1166 3625 1291 3708 rehquit
1317 3628 1368 3692 sui

336 3726 463 3809 famam,
486 3727 588 3810 magis
610 3726 759 3791 felicitate
783 3746 877 3810 quam
899 3726 1014 3792 virtute
1029 3733 1161 3812 partam.
1195 3727 1369 3805 Athenien·
1446 3751 1447 3756 ¹

337 3829 415 3892 sium
438 3829 519 3892 enim
542 3849 612 3894 cum
627 3829 864 3912 Peloponnesiis
881 3829 997 3892 bellum
1017 3827 1150 3912 septimo
1170 3835 1202 3895 ct
1215 3830 1368 3898 vicesimo
