2890 4196
420 213 510 268 XXV.
530 210 702 267 ATTICUS.
721 211 870 267 14.15.16.
1098 195 1157 259 1οΊ

124 387 209 472 quod
231 407 289 453 nos
313 385 439 470 quidem
462 384 722 450 iucundissimum
744 383 946 448 arbitramur:
970 402 1074 467 neque
1095 404 1160 448 um-

124 513 219 575 quam
249 492 318 556 sine
349 490 454 572 aliqua
483 489 618 554 lectione
647 486 734 572 apud
764 507 836 552 eum
863 493 1009 552 cenatum
1037 493 1095 567 est,
1125 493 1160 551 ut

123 614 187 659 non
214 595 319 658 minus
346 593 452 657 animo
480 610 574 674 quam
602 597 713 656 ventre
740 589 893 655 convivae
921 588 1158 655 delectarentur.

124 699 270 779 Namque
297 716 351 761 eos
378 695 523 776 vocabat,
551 714 683 777 quorum
710 712 814 758 mores
836 713 856 758 a
878 692 944 759 suis
965 713 1028 758 non
1051 692 1194 760 abhorr

124 807 237 865 rerent.
284 800 364 865 Cum
391 805 481 863 tanta
502 796 656 882 pecuniae
684 797 770 860 facta
796 803 880 861 esset
906 795 1055 877 accessio,
1082 796 1161 861 nihil

125 903 164 968 de
188 901 357 968 cottidiano
378 901 463 966 cultu
485 900 628 981 mutavit,
651 899 731 964 nihil
753 898 793 963 de
815 900 900 964 vitae
923 898 1160 980 consuetudine,

127 1013 277 1087 tantaque
310 1024 386 1070 usur
422 1009 469 1070 est
498 1003 724 1084 moderatione,
758 1010 793 1067 ut
823 1022 926 1086 neque
955 1004 987 1068 in
1017 1002 1160 1068 sestertio

125 1109 232 1189 vicies,
257 1107 340 1189 quod
362 1128 382 1172 a
403 1113 502 1192 patre
516 1112 692 1191 acceperat,
715 1126 825 1190 parum
848 1125 884 1171 se
906 1105 1071 1190 splendide
1093 1125 1161 1190 ges-

125 1213 200 1278 serit
222 1231 326 1295 neque
347 1211 381 1275 in
405 1210 547 1276 sestertio
571 1211 690 1276 centies
712 1210 895 1276 affluentius
922 1209 1038 1275 vixerit
1066 1230 1159 1291 quam

124 1317 312 1396 instituerat,
340 1315 473 1399 parique
502 1315 630 1398 fastigio
656 1314 778 1379 steterit
803 1314 836 1378 in
863 1319 996 1397 utraque
1025 1313 1226 1424 fortuna&

125 1420 234 1485 Nullos
256 1419 367 1485 habuit
382 1419 498 1500 hortos,
522 1420 640 1483 nullam
660 1418 873 1484 suburbanam
896 1424 951 1482 aut
974 1416 1161 1481 maritimam
1179 1430 1195 1479 a

125 1523 233 1588 villam
255 1541 359 1604 neque
382 1522 415 1587 in
435 1522 528 1587 ltalia
543 1529 668 1606 praeter
683 1522 864 1587 Arretinum
880 1526 911 1585 et
926 1521 1161 1585 Nomentanum

125 1625 276 1690 rusticum
299 1624 473 1709 praedium,
497 1626 661 1707 omnisque
684 1625 751 1690 eius
773 1624 927 1709 pecuniae
949 1623 1069 1689 reditus
1092 1643 1162 1688 con-

125 1729 232 1794 stabat
259 1728 293 1792 in
315 1729 483 1812 Epiroticis
510 1735 542 1793 et
569 1727 699 1792 urbanis
721 1727 982 1811 possessionibus.
1027 1727 1077 1791 Ex
1100 1747 1161 1808 qno

127 1831 273 1916 cognosci
298 1839 403 1916 potest
427 1852 518 1897 usum
546 1851 622 1922 eum
648 1832 802 1915 pecuniae
834 1849 898 1895 non
933 1829 1162 1913 magnitudine,

125 1935 183 2002 sed
205 1935 327 2000 ratione
350 1935 452 2000 metiri
475 1936 598 2001 solitum

229 2038 429 2103 Mendacium
450 2059 554 2121 neque
578 2038 704 2104 dicebat
725 2055 829 2120 neque
851 2039 918 2123 pati
940 2044 1071 2123 poterat.
1102 2040 1162 2103 Ita·
1178 2044 1214 2097 lb

126 2164 188 2226 que
212 2143 280 2208 eius
303 2142 433 2207 comitas
457 2163 520 2207 nou
543 2142 612 2207 sine
635 2143 805 2207 severitate
821 2147 888 2206 erat
904 2161 1007 2225 neque
1022 2141 1162 2225 gravitas

127 2246 195 2312 sine
225 2244 388 2325 facilitate,
419 2251 453 2309 ut
482 2244 612 2310 difficile
643 2251 726 2310 esset
754 2245 925 2326 intellectu,
959 2252 1064 2309 utrum
1090 2263 1163 2309 eurn

126 2349 220 2414 amici
243 2349 346 2432 magis
367 2354 551 2413 vererentur
572 2367 615 2412 an
630 2355 783 2412 amarent.
808 2347 968 2431 Quidquid
983 2347 1162 2432 rogabatur,

127 2453 272 2536 religiose
295 2452 507 2536 promittebat,
532 2451 615 2534 quod
637 2472 701 2516 non
724 2451 879 2533 liberales,
903 2451 961 2517 sed
974 2452 1062 2517 leves
1083 2451 1163 2515 arbi-

128 2556 270 2621 trabatur
290 2555 441 2638 polliceri,
465 2554 549 2637 quod
570 2561 732 2639 praestare
754 2574 818 2618 non
841 2560 978 2639 possent.
1017 2554 1107 2618 Idem
1129 2554 1162 2617 in
1181 2562 1197 2610 2

128 2657 255 2742 tuendo,
287 2657 370 2740 quod
399 2658 498 2723 semel
520 2657 693 2737 annuisset,
723 2663 813 2721 tanta
836 2663 904 2722 erat
926 2676 1009 2738 cura,
1039 2663 1162 2721 utnon

129 2760 321 2842 mandatam,
349 2759 406 2826 sed
435 2781 525 2826 suam
547 2781 615 2825 rem
645 2760 804 2824 rideretur
833 2779 938 2842 agere.
984 2760 1164 2842 Numquam

128 2865 268 2948 suscepti
293 2864 413 2947 negotii
443 2885 514 2929 eum
536 2871 716 2948 pertaesum
748 2870 809 2928 est:
840 2883 931 2929 suam
953 2863 1037 2928 enim
1060 2864 1164 2928 existi-

130 2969 300 3032 mationem
322 2969 354 3032 in
379 2987 417 3032 ea
438 2988 473 3032 re
492 2967 545 3051 agi
560 2968 702 3051 putabat,
727 2987 789 3049 qua
804 2967 881 3031 nihil
897 2966 1036 3031 habebat
1051 2966 1162 3031 carius.

129 3071 199 3147 Quo
229 3070 335 3151 fiebat,
366 3078 400 3134 ut
423 3071 530 3135 omnia
551 3070 592 3135 M.
617 3077 649 3135 et
671 3070 708 3147 Q.
734 3071 930 3152 Ciceronum,
958 3071 999 3135 M.
1024 3070 1198 3149 (latoniae

131 3173 168 3250 Q.
192 3173 361 3253 Hortensii,
390 3175 426 3239 A.
451 3175 612 3256 Torquati,
643 3163 810 3240 multorum
838 3181 1002 3258 praeterea
1025 3174 1162 3256 equitum

130 3278 341 3341 Romanorum
364 3277 493 3361 negotia
514 3283 702 3361 procuraret.
741 3278 791 3342 Ex
815 3298 874 3359 quo
897 3277 1029 3342 iudicari
1051 3277 1164 3361 poterit

131 3398 203 3444 eum
225 3399 289 3444 non
312 3379 435 3461 inertia,
465 3379 523 3444 sed
545 3378 660 3445 iudicio
681 3379 801 3464 fugisse
824 3381 870 3444 rei
892 3381 1036 3465 publicae
1057 3400 1164 3464 procu·

131 3482 292 3547 rationem.

234 3587 448 3652 Humanitatis
471 3607 546 3652 vero
569 3588 689 3653 nullum
704 3589 819 3653 afferre
834 3589 935 3654 maius
950 3589 1162 3654 testimonium
1180 3601 1215 3655 lo

130 3708 259 3772 possum
282 3710 377 3771 quam
408 3689 492 3773 quod
517 3690 705 3756 adulescens
727 3690 812 3756 idem
836 3692 904 3756 seni
926 3693 961 3757 L.
979 3692 1083 3758 Sullae
1105 3693 1165 3757 fuit

131 3791 385 3875 iucundissimus,
414 3813 514 3858 senex
541 3793 737 3859 adulescenti
759 3796 800 3859 M.
824 3797 930 3877 Bruto,
958 3815 1028 3862 oum
1052 3816 1165 3879 aequa-
