2934 4192
281 193 323 254 24
597 209 661 264 VII.
680 209 916 266 ALCIBIADES.
935 214 958 268 3.
972 215 996 268 4.

281 389 313 447 et
334 383 490 466 potentior
512 389 544 447 et
565 384 664 448 maior
691 404 786 465 quam
810 385 862 466 qui
884 385 1027 469 privatus
1049 394 1134 453 esset
1155 388 1313 454 existima-

280 487 380 559 batur.
416 487 529 552 Multos
552 487 635 552 enim
657 488 847 553 liberalitate
870 488 1066 572 devinxerat,
1089 491 1194 575 plures
1217 491 1313 556 etiam

247 609 262 655 o
280 610 377 673 opera
398 588 515 656 forensi
538 611 611 657 suos
633 591 822 658 reddiderat.
858 590 929 668 Qua
948 613 981 658 re
997 593 1101 676 fiebat,
1124 602 1159 660 ut
1173 595 1312 660 omnium

280 694 395 776 oculos,
419 695 675 776 quotiescumque
697 696 730 761 in
753 696 912 780 publicum
935 696 1100 780 prodisset,
1123 698 1164 762 ad
1186 718 1221 763 sc
1243 717 1313 763 con-

282 803 416 863 ve1teret
443 817 546 880 neque
573 799 602 862 ei
632 819 689 882 par
720 799 886 881 quisquam
914 800 947 864 in
978 800 1106 866 civitate
1134 801 1309 866 haberetur.

280 904 391 984 Itaque
413 922 476 967 non
499 902 598 966 solum
622 922 711 986 spem
733 903 767 991 in
790 922 827 967 eo
853 902 1015 968 habebant
1044 893 1225 986 maximam,
1256 903 1312 970 sed

281 1007 376 1071 etiam
406 1006 558 1088 timorem,
590 1005 673 1088 quod
702 1013 734 1071 et
764 1007 876 1073 obesse
905 1008 1072 1091 plurimum
1102 1015 1134 1073 et
1162 1007 1312 1093 prodesse

247 1125 263 1172 c
281 1117 412 1196 poterat.
447 1111 683 1194 Aspergebatur
701 1110 796 1175 etiam
815 1111 955 1193 infamia,
980 1111 1062 1193 quod
1084 1112 1117 1176 in
1141 1111 1233 1177 domo
1255 1130 1312 1175 sua

280 1215 385 1278 facere
414 1214 566 1297 mysteria
595 1213 775 1299 dioebatur;
807 1213 891 1296 quod
920 1214 1011 1280 nefas
1038 1235 1101 1280 non
1128 1215 1170 1279 ad
1191 1215 1311 1298 religio

280 1339 363 1400 nem,
387 1317 444 1384 sed
466 1317 508 1382 ad
530 1317 775 1382 coniurationem
797 1318 954 1401 pertinere
978 1318 1225 1384 existimabatur.

245 1431 263 1484 4
384 1423 452 1487 Hoc
475 1422 604 1487 crimine
625 1422 658 1486 in
682 1422 828 1486 contione
849 1422 891 1486 ab
906 1421 1041 1487 inimicis
1057 1422 1309 1506 compellabatur.

281 1527 343 1594 Sed
366 1527 505 1592 instabat
527 1532 652 1609 tempus
674 1525 715 1590 ad
734 1526 852 1590 bellum
870 1525 1098 1609 proficiscendi.
1133 1526 1171 1590 Id
1193 1526 1245 1591 ille
1266 1526 1310 1590 in-

280 1638 372 1697 tuens
394 1651 497 1712 neque
518 1630 668 1712 ignorans
691 1629 807 1693 civium
831 1649 956 1694 suorum
979 1629 1236 1694 consuetudinem
1259 1649 1311 1714 po

281 1735 426 1816 stulabat,
443 1734 470 1799 si
485 1732 560 1815 quid
575 1731 616 1796 de
631 1752 666 1797 se
681 1732 735 1815 agi
750 1733 877 1815 vellent,
900 1737 935 1798 ut
957 1730 1060 1817 potius
1083 1732 1122 1798 de
1144 1739 1310 1818 praesente

281 1838 422 1921 quaestio
454 1837 622 1901 baberetur
649 1855 742 1917 quam
769 1838 886 1901 absens
907 1835 1048 1901 invidiae
1071 1836 1200 1901 crinrine
1222 1853 1319 1902 accu-'

248 1948 411 2009 2saretur.
457 1939 582 2005 Inimici
608 1957 682 2003 vero
710 1939 777 2004 eius
804 1938 1030 2021 quiescendum
1059 1939 1092 2004 in
1121 1940 1309 2023 praesentia,

206 2076 208 2080 ·
281 2047 355 2129 quia
370 2044 472 2111 noceri
489 2063 552 2108 non
574 2062 667 2126 posse
690 2043 926 2125 intellegebant,
950 2049 982 2106 et
1003 2042 1090 2107 aliud
1112 2049 1236 2132 tempus
1259 2063 1310 2108 ex·

281 2148 486 2235 spectandum
509 2147 725 2227 decreverunt,
748 2152 792 2227 ut,
821 2166 890 2211 eum
915 2147 1023 2211 elassis
1046 2147 1173 2228 exisset,
1200 2147 1310 2212 absen-

247 2262 344 2320 3tem
373 2251 628 2336 aggrederentur.
674 2251 787 2332 Itaque
816 2255 982 2334 postquam
1011 2250 1044 2314 in
1072 2250 1209 2315 Siciliam
1239 2269 1309 2315 eum

281 2357 464 2444 pervenisse
491 2347 700 2447 crediderunt,
727 2354 901 2436 absentem,
930 2353 1014 2436 quod
1041 2373 1131 2419 sacra
1152 2354 1309 2436 violasset,

281 2483 368 2532 reum
390 2460 541 2525 fecerunt.
577 2456 647 2534 Qua
669 2457 709 2522 de
731 2477 765 2522 re
788 2477 858 2522 cum
881 2456 910 2521 ei
933 2457 1062 2522 nuntius
1083 2478 1104 2521 a
1125 2458 1310 2542 magistratu

280 2567 314 2630 in
337 2563 476 2630 Siciliam
498 2561 612 2626 missus
635 2567 727 2642 esset,
758 2566 793 2625 ut
822 2549 948 2625 domum
978 2559 1020 2625 ad
1050 2580 1177 2625 eausam
1207 2561 1310 2627 dicen-

282 2669 355 2733 dam
383 2667 515 2747 rediret,
545 2664 689 2747 quamvis
718 2684 835 2748 magna
863 2664 897 2729 in
926 2683 984 2748 spe
1014 2671 1097 2729 esset
1129 2664 1310 2748 provinciae

281 2775 364 2839 bene
385 2767 662 2849 administrandae,
689 2787 752 2832 non
775 2786 886 2852 parere
908 2767 1008 2832 noluit
1030 2766 1116 2832 etin
1140 2768 1307 2850 triremem,

248 2890 363 2958 rquae
393 2874 435 2939 ad
466 2894 537 2939 eum
570 2871 797 2956 deportandum
835 2876 901 2935 erat
935 2870 1041 2952 missa,
1073 2871 1223 2936 escendit.
1267 2873 1310 2936 At

280 2979 414 3045 Thurios
436 2978 468 3043 in
491 2977 614 3042 Italiam
636 2981 812 3060 pervectus,
840 2974 939 3039 multa
960 2993 1067 3040 secum
1093 2981 1243 3059 reputans
1269 2973 1310 3040 de

281 3083 487 3150 immoderata
513 3081 628 3148 civium
651 3099 777 3144 suorum
798 3078 831 3142 in
854 3078 976 3144 nobiles
998 3078 1126 3143 licentia
1148 3078 1309 3143 crudelita-

281 3196 384 3271 teque,
411 3185 610 3251 utilissimum
635 3190 722 3248 ratus
744 3181 979 3266 impendentem
1003 3181 1122 3246 evitare
1144 3186 1309 3266 tempesta·

281 3299 354 3371 tem,
385 3290 465 3355 clam
494 3309 529 3354 se
558 3286 740 3352 custodibus
765 3285 917 3351 subduxit
943 3291 976 3350 et
997 3284 1071 3350 inde
1093 3285 1228 3368 primum
1250 3284 1309 3349 Eli·

247 3396 364 3476 odem,
387 3393 469 3458 ‘dein
497 3391 625 3457 Thebas
655 3391 751 3455 venit.
796 3390 966 3472 Postquam
995 3394 1101 3453 autem
1132 3407 1167 3453 se
1197 3388 1308 3472 capitis

281 3500 462 3565 damnatum
484 3496 576 3562 bonis
597 3494 764 3580 publicatis
786 3492 907 3557 audivit
927 3498 968 3574 et,
990 3491 1025 3556 id
1041 3491 1123 3574 quod
1138 3512 1307 3573 numquam

281 3611 377 3670 antea
402 3623 460 3668 usu
487 3605 627 3680 venerat,
655 3596 859 3681 Eumolpidas
881 3595 1061 3661 sacerdotes
1083 3615 1103 3660 a
1124 3596 1239 3679 populo
1262 3613 1307 3658 co-

281 3714 377 3790 actos,
399 3713 480 3772 utse
500 3703 700 3782 devoverent,
724 3691 853 3782 eiusque
876 3699 1061 3780 devotionis,
1085 3719 1146 3780 qno
1168 3698 1307 3762 testatior

284 3817 367 3877 essct
392 3809 551 3888 memoria,
579 3806 759 3889 exemplum
785 3804 818 3868 in
845 3804 910 3887 pila
935 3802 1061 3886 lapidea
1082 3801 1216 3866 incisum
1239 3817 1307 3865 esse
