2890 4196
593 231 699 286 Xl'lll.
718 231 898 286 EUllENES.
918 236 941 286 7.
955 236 978 289 8.

273 412 389 474 muira
416 409 488 486 lbra,
513 407 540 470 si
562 405 667 490 speeie
689 405 812 488 imperii
834 405 1032 487 nominisque
1047 405 1220 471 Alexandri
1240 406 1303 470 hel·

247 556 250 571 .
274 519 333 581 tura
361 511 515 576 sisteretur
538 506 766 572 administrare.
791 507 882 585 Quod
905 509 1018 574 effecit.
1049 510 1132 574 Nam
1155 530 1224 574 eum
1241 530 1303 574 non

271 620 310 684 nt
337 613 483 678 hontonis
505 610 671 698 principia,
699 609 756 675 sed
782 609 824 674 ad
851 612 938 696 regia
965 612 1183 677 conveniretur
1209 618 1303 694 atque

273 719 313 784 roi
337 717 378 782 do
406 717 501 780 rebus
527 713 764 793 deliberaretur,
792 713 928 796 quodam
956 714 1049 780 modo
1076 716 1204 796 latebat,
1233 735 1302 780 eum

236 840 377 888 araruon
401 840 456 904 per
479 838 550 884 eum
572 836 670 881 unum
696 823 880 901 gererentur
906 819 1020 882 omnia.
1066 820 1171 901 Atque
1192 819 1225 883 in
1247 819 1303 882 Pa-

272 922 404 990 raetacis
427 941 497 986 oum
520 919 680 1003 Antigono
703 919 853 1001 conflixit,
877 941 941 985 non
964 921 1033 986 acie
1055 921 1217 1003 instructa,
1246 920 1303 988 sed

271 1029 301 1092 in
324 1028 444 1104 itinere,
469 1043 603 1105 eumque
625 1023 707 1087 male
729 1030 894 1107 acceptum
916 1024 949 1088 in
972 1024 1109 1088 Mediam
1131 1025 1302 1090 hiematum

270 1130 370 1196 redire
394 1128 504 1210 eoe'git.
544 1129 616 1210 Ipse
636 1126 669 1190 in
685 1126 818 1190 finitima
834 1127 961 1211 regione
977 1127 1114 1192 Persidis
1129 1127 1301 1193 hiematum

270 1233 376 1316 copias
391 1229 509 1310 divisit,
532 1250 596 1293 non
618 1235 653 1293 ut
675 1229 782 1308 voluit,
806 1229 863 1293 sed
886 1237 920 1294 ut
942 1231 1075 1294 militum
1100 1232 1232 1315 cogebat
1251 1251 1302 1294 vo

234 1339 379 1402 aluntas.
425 1334 570 1413 Namque
603 1332 657 1394 illa
687 1331 827 1414 phalanx
861 1333 1034 1397 Alexandri
1068 1334 1185 1417 Magni,
1220 1353 1299 1416 quae

269 1439 375 1506 Asiam
406 1441 588 1522 peragrarat
617 1433 841 1516 deviceratque
871 1436 993 1516 Persae,
1025 1436 1202 1501 inveterata
1231 1457 1300 1500 curn

268 1541 367 1624 gloria
393 1546 459 1604 tum
483 1537 578 1602 etiam
601 1538 737 1617 licentia,
765 1557 828 1601 non
852 1557 964 1621 parere
987 1539 1052 1603 suis
1074 1538 1215 1620 ducibus,
1243 1537 1300 1602 sed

268 1645 423 1730 imperare
452 1641 646 1726 postulabat,
680 1646 715 1704 ut
750 1660 833 1704 nunc
866 1641 1009 1705 veterani
1038 1643 1144 1706 nostri.
1190 1643 1300 1722 Itaque

268 1746 440 1834 periculum
463 1751 519 1825 est,
544 1764 584 1808 ne
607 1743 736 1824 faciant,
761 1743 845 1826 quod
868 1744 911 1807 illi
935 1745 1088 1828 fecerunt,
1112 1765 1169 1809 sua
1191 1744 1300 1808 intem-

268 1850 411 1938 perantia
433 1848 591 1929 nimiaque
615 1848 742 1911 licentia
762 1855 795 1912 ut
810 1848 915 1912 omnia
930 1848 1064 1931 perdant
1080 1868 1181 1930 neque
1196 1849 1300 1913 minus

269 1975 331 2034 eos,
356 1975 426 2018 eum
450 1952 562 2035 quibus
585 1951 727 2031 fecerint,
752 1971 846 2032 quam
869 1950 1023 2017 adversus
1046 1971 1123 2034 quos
1146 1951 1298 2016 steterint.

233 2057 359 2136 uiluod
381 2056 408 2121 si
431 2056 500 2137 quis
522 2055 644 2119 illorum
668 2062 887 2118 veteranorum
909 2055 995 2137 legat
1017 2054 1111 2135 facta,
1138 2053 1227 2138 paria
1249 2053 1300 2119 ho-

268 2181 335 2226 rum
363 2164 532 2240 cognoscat
558 2177 661 2238 neque
693 2177 759 2220 rem
786 2157 881 2221 ullam
909 2157 969 2221 nisi
996 2164 1121 2241 tempus
1148 2157 1300 2221 interesse

267 2262 393 2330 iudicet.
425 2260 487 2324 Sed
511 2260 552 2324 ad
574 2261 643 2324 illos
666 2266 813 2324 revertar.
852 2260 993 2324 Hiberna
1016 2266 1214 2345 sumpserant
1235 2280 1300 2326 non

267 2368 308 2434 ad
331 2377 422 2432 usu'nr
445 2365 528 2444 belli,
557 2363 613 2429 sed
636 2364 678 2427 ad
699 2365 838 2447 ipsorum
861 2364 1018 2428 luxuriam
1041 2365 1196 2448 longeque
1216 2364 1301 2429 inter

233 2483 249 2532 4
268 2492 301 2536 se
329 2471 547 2534 discesserant.
594 2468 661 2532 Hoc
684 2467 862 2549 Antigonus
891 2487 961 2531 cum
984 2468 1188 2552 comperisset
1210 2467 1299 2532 iutel-

268 2577 447 2656 legeretque
469 2592 504 2636 se
526 2591 634 2655 parem
657 2591 720 2634 nou
744 2589 813 2634 esse
831 2570 953 2654 paratis
967 2569 1166 2652 adversariis,
1190 2571 1300 2636 statuit

266 2677 386 2760 aliquid
413 2675 473 2742 sibi
501 2674 621 2739 consilii
648 2674 723 2738 nori
752 2693 821 2738 esse
848 2673 1045 2758 capiendum.
1092 2676 1182 2739 Duae
1210 2682 1299 2738 erant

267 2782 347 2862 viae,
371 2779 485 2862 quibus
507 2799 548 2843 ex
568 2777 677 2858 Medis,
700 2777 754 2841 uhi
777 2777 828 2841 ille
851 2777 1019 2858 hiemabat,
1044 2777 1085 2842 ad
1107 2777 1299 2843 adversario-

229 2889 334 2952 brrun
357 2882 560 2948 hibernacula
582 2888 688 2965 posset
710 2880 876 2963 perveniri.
924 2879 1063 2956 Quarum
1090 2881 1215 2946 brevior
1241 2901 1299 2966 per

266 2987 334 3052 loca
356 2986 490 3066 deserta,
514 3005 595 3067 quae
611 3004 702 3048 nemo
717 2984 874 3048 incolebat
889 2991 1016 3067 propter
1031 3004 1132 3067 aquae
1147 2985 1297 3069 inopiam,

266 3091 386 3158 dierum
417 3097 483 3154 erat
514 3088 579 3153 fere
610 3088 734 3171 decem,
765 3089 819 3152 illa
847 3095 962 3169 autem,
994 3109 1056 3170 qua
1082 3108 1191 3154 omnes
1218 3109 1298 3154 com·

266 3195 423 3274 meabant,
446 3195 544 3258 altero
566 3198 654 3256 tauto
677 3191 849 3274 longiorem
871 3191 1009 3256 habebat
1030 3191 1216 3274 anfractum,
1240 3192 1298 3257 sed

231 3297 355 3382 scopia
377 3297 515 3362 omnium
538 3315 641 3360 rerum
663 3293 854 3360 abundabat.
898 3295 966 3358 Hac
989 3295 1015 3359 si
1039 3294 1297 3378 proficisceretur,

265 3400 468 3484 intellegebat
490 3400 576 3483 prius
598 3397 796 3462 adversarios
819 3396 985 3462 rescituros
1008 3396 1048 3462 de
1071 3417 1127 3462 suo
1146 3397 1297 3478 adventu,

266 3525 359 3588 quam
386 3503 453 3588 ipse
480 3503 604 3567 tertiam
631 3507 753 3585 partem
782 3500 968 3566 confecisset
995 3500 1128 3584 itineris3
1165 3500 1214 3565 sin
1241 3521 1299 3585 per

266 3608 334 3672 loca
356 3607 422 3671 sola
445 3604 656 3686 contenderet,
685 3605 832 3688 sperabat
859 3623 892 3668 se
920 3603 1152 3688 imprudentem
1174 3603 1298 3670 hostem

232 3723 246 3772 7
265 3729 494 3796 oppressurum.
519 3709 569 3773 Ad
591 3708 673 3772 hanc
695 3728 761 3772 rem
778 3707 1004 3773 conficiendam
1020 3708 1187 3792 imperavit
1203 3728 1298 3792 quarn

266 3815 295 3899 p*
492 3833 521 3878 rs
543 3819 637 3894 atque
661 3813 755 3876 etiam
778 3813 893 3877 culleos
916 3812 1098 3896 comparari,
1125 3811 1299 3896 posthaec
1331 3843 1335 3850 ⁴
