2934 4192
316 151 359 215 22
650 164 699 218 vr.
718 163 928 217 ausaausa.
947 165 971 218 a.
984 138 1009 227 42

283 344 512 407 sconsuerant.
541 338 680 402 Primum
695 335 883 420 Delphicum
907 355 1103 420 corrumpere
1127 341 1257 400 conatus
1280 343 1347 402 est:

318 464 387 507 cum
402 441 435 506 id
450 462 513 506 non
528 441 690 525 potuisset,
712 439 920 504 Dodonaeum
940 439 1069 503 adortus
1089 445 1145 504 est.
1176 439 1259 503 Hine
1274 458 1349 520 quo·

318 566 378 629 que
400 545 542 627 repulsus
569 542 650 607 dixit
676 563 710 608 se
739 549 814 607 vota
843 543 1029 627 suscepisse,
1061 562 1141 624 quae
1162 543 1231 606 lovi
1252 543 1349 606 Ham-

317 649 401 714 moni
424 649 568 728 solveret,
593 645 778 711 existimans
801 666 835 710 se
858 646 951 711 Afros
974 645 1097 710 facilius
1120 652 1345 729 corrupturum.

283 753 386 818 aHac
408 771 464 835 spe
492 771 562 815 cum
589 749 747 834 profectus
775 755 858 814 esset
883 749 916 813 in
939 749 1088 830 Africam,
1116 751 1246 814 multum
1274 769 1347 813 eum

316 855 472 920 antistites
494 853 578 918 Iovis
601 853 788 917 fefellerunt.
819 853 902 916 Nam
918 873 982 917 non
997 853 1096 917 solum
1113 853 1265 936 corrumpi
1282 874 1344 917 non

316 963 493 1042 potuerunt,
524 955 580 1021 sed
611 957 705 1020 etiam
734 957 856 1038 legatos
884 955 1154 1021 Lacedaemonem
1185 957 1346 1038 miserunt,
1448 959 1449 984 ¹

316 1060 369 1142 qui
384 1060 582 1144 Lysandrum
602 1066 795 1140 accusarent,
820 1058 903 1140 quod
925 1059 1103 1124 sacerdotes
1125 1059 1192 1123 fani
1215 1079 1346 1123 corrum-

283 1186 296 1230 l
317 1185 390 1248 pere
418 1170 547 1229 conatus
576 1170 666 1228 esset.
712 1163 886 1227 Accusatus
912 1163 973 1227 hoc
995 1162 1124 1226 crimine
1145 1162 1347 1244 iudicumque

202 1343 204 1346 Α
316 1268 474 1332 absolutus
491 1267 665 1346 sententiis,
690 1264 905 1340 Orchomeniis
928 1267 1041 1331 missus
1063 1265 1203 1331 subsidio
1225 1265 1347 1332 occisus

162 1400 262 1444 cosam.
282 1389 298 1436 o
319 1377 365 1436 cst
380 1392 400 1434 a
414 1370 575 1435 Thebanis
597 1369 681 1453 apud
704 1369 887 1433 Haliartum.
920 1369 1021 1446 Quam
1043 1389 1119 1435 vere
1142 1369 1181 1434 de
1204 1390 1241 1435 eo
1263 1376 1348 1435 esset

315 1473 495 1554 iudicatum,
519 1473 617 1538 oratio
639 1471 755 1537 indicio
778 1473 847 1554 fuit,
872 1493 951 1555 quae
973 1479 1189 1557 postmortem
1205 1474 1238 1537 in
1254 1472 1348 1540 domo
1448 1487 1449 1552 Τ

316 1578 382 1642 eius
404 1584 528 1661 reperta
551 1583 607 1658 est,
634 1577 667 1641 in
691 1597 753 1659 qua
776 1576 886 1641 suadet
908 1576 1177 1658 Lacedaemoniis,
1203 1583 1238 1640 ut
1259 1577 1348 1661 regia

315 1687 469 1765 potestate
492 1680 643 1745 dissoluta
665 1700 705 1745 ex
728 1681 873 1745 omnibus
896 1680 961 1744 dux
985 1679 1140 1763 deligatur
1162 1679 1203 1744 ad
1229 1682 1347 1746 bellurn
1448 1683 1449 1768 J

276 1867 278 1870 ι
315 1784 497 1868 gerendum.
543 1783 580 1848 Id
608 1784 653 1849 sic
680 1790 746 1848 erat
773 1783 931 1868 scriptum,
962 1789 997 1847 ut
1027 1783 1155 1848 deorum
1187 1783 1349 1848 videretur

317 1907 486 1972 congruere
517 1887 702 1968 sententiae,
734 1907 827 1969 quam
858 1887 932 1969 quin
963 1886 1126 1952 habiturus
1149 1893 1233 1952 esset
1254 1908 1347 1972 pecu-

315 1992 369 2054 nia
390 1990 491 2056 fidens
514 2011 576 2055 non
599 1990 766 2055 dubitarat.
813 1991 903 2055 Hanc
926 1990 1097 2055 orationem
1126 1990 1155 2056 ei
1181 1991 1346 2077 scripsisse

316 2095 412 2160 Cleon
434 2093 684 2158 Halioamassius
707 2093 826 2157 dicitur.

281 2207 298 2263 4
420 2197 523 2279 Atque
537 2195 598 2260 hoc
612 2196 679 2260 loeo
697 2217 760 2260 non
777 2202 825 2260 est
839 2196 1102 2280 praetereundum
1116 2196 1235 2262 factum
1250 2199 1346 2263 Phar-

315 2301 436 2382 nabazi,
464 2305 609 2384 satrapae
635 2298 723 2383 regii.
768 2294 850 2363 Nam
878 2320 949 2364 cum
975 2299 1141 2383 Lysander
1164 2301 1345 2386 ‘praefectus

315 2404 423 2469 elassis
445 2403 479 2467 in
500 2403 583 2468 bello
606 2402 704 2466 multa
727 2403 892 2467 crudeliter
913 2423 1071 2486 avareque
1093 2403 1220 2470 fecisset
1242 2405 1344 2488 deque

315 2508 361 2573 eis
375 2509 469 2572 rebus
484 2506 694 2592 suspicaretur
708 2505 748 2570 ad
773 2507 857 2572 cives
881 2527 953 2572 suos
976 2527 1045 2572 csse
1067 2508 1230 2592 perlatum,
1253 2510 1345 2593 petiit

315 2631 334 2675 a
361 2611 581 2691 Pharnabazo,
610 2615 646 2674 ut
676 2608 718 2673 ad
748 2609 880 2694 ephoros
911 2610 971 2675 sibi
1001 2610 1212 2675 testimonium
1243 2611 1342 2694 daret,

316 2721 433 2796 quanta
460 2714 626 2780 sanctitate
651 2712 768 2782 bellurn
796 2713 948 2795 gessisset
974 2714 1137 2796 sociosque
1159 2720 1342 2780 tractasset:

281 2837 295 2884 a
315 2839 462 2902 magnam
478 2817 561 2881 enim
582 2817 648 2882 eius
670 2817 885 2880 auctoritatem
908 2817 941 2880 in
963 2817 1023 2882 hae
1044 2837 1079 2882 re
1100 2817 1246 2883 suturam.
1273 2819 1344 2885 Hoc

217 2986 220 2992 ,
314 2921 366 2986 ille
392 2921 561 2986 liberaliter
588 2920 768 3004 pollicetur;
799 2920 911 2984 librum
934 2917 1087 3004 grandem
1108 2921 1214 2986 verbis
1236 2924 1343 2989 multis

315 3024 491 3105 conscribit,
520 3024 553 3087 in
584 3044 644 3106 quo
674 3023 804 3089 summis
831 3043 901 3088 eum
930 3025 1020 3088 effert
1040 3023 1195 3090 laudibus.
1240 3025 1342 3102 Quem

315 3148 384 3191 eum
406 3128 535 3212 legisset
549 3126 716 3210 Lysander
737 3128 973 3211 probassetque,
997 3127 1071 3191 dum
1094 3129 1244 3212 signatur,
1267 3131 1343 3196 alte-

313 3253 380 3296 rum
403 3232 454 3295 ille
477 3215 544 3316 pari
566 3230 784 3314 magnitudine
807 3236 838 3294 et
855 3236 950 3311 tanta
975 3230 1187 3316 similitudine,
1217 3239 1252 3297 ut
1280 3234 1343 3300 dis-

314 3335 397 3398 cerni
429 3356 490 3398 non
526 3340 641 3419 posset,
672 3334 830 3417 signatum
858 3333 999 3414 subiecit,
1029 3333 1062 3398 in
1090 3354 1151 3416 quo
1177 3338 1343 3402 accuratis-

279 3439 390 3509 ssime
418 3439 484 3501 eius
510 3437 675 3502 avaritiam
701 3436 928 3521 perfidiamque
950 3443 1121 3501 accusarat.
1165 3438 1342 3524 Lysander,

312 3541 438 3605 domum
462 3561 531 3606 cum
554 3540 696 3621 redisset,
719 3544 884 3624 postquam
900 3538 940 3604 de
955 3539 1020 3604 suis
1034 3539 1128 3604 rebus
1142 3542 1240 3623 gestis
1255 3545 1342 3628 apud
1444 3580 1447 3605 .

312 3648 482 3708 maximum
497 3645 714 3727 magistratum
731 3663 810 3724 quae
825 3643 966 3708 voluerat
981 3640 1072 3723 dixit,
1088 3645 1257 3709 testimonii
1272 3647 1342 3712 loco

311 3747 425 3811 librum
454 3767 475 3812 a
502 3746 706 3812 Pharnabazo
737 3746 844 3810 datum
874 3744 1012 3810 tradidit.
1064 3746 1158 3811 Hune
1185 3756 1342 3817 summoto
