2890 4196
481 199 575 254 XVII.
593 199 817 257 AGESILAUS.
837 208 861 258 5.
876 207 899 258 6.
1171 191 1209 254 67

281 375 355 438 Post
377 374 437 439 hoc
458 374 611 457 proelium
634 375 780 438 collatum
803 396 896 440 omne
919 377 1034 441 bellum
1058 379 1246 449 111111111

178 477 362 546 Corinthum
381 475 516 560 ideoque
532 476 728 542 Corinthium
752 485 799 542 est
821 479 1023 561 appellatum.
1068 480 1117 544 Ibi
1141 501 1245 550 cuma

177 602 240 646 una
262 601 371 665 pugna
393 579 492 644 multa
514 580 601 644 milia
615 579 752 646 hostium
764 582 913 666 Agesilao
930 581 1010 646 duce
1025 583 1211 648 cecidissent

177 705 276 768 eoque
307 685 391 749 facto
422 703 498 766 opes
525 683 777 749 adversariorum
805 685 989 750 debilitatae
1018 685 1210 767 viderentur,

176 797 298 854 tantum
329 788 409 852 afuit
439 787 480 852 ab
511 786 680 852 insolentia
709 789 837 871 gloriae,
877 795 911 853 ut
942 791 1211 854 commiseraretur

94 937 96 942 ,
175 897 333 959 t'ortunam
356 891 519 972 Graeciae,
548 889 631 972 quod
659 897 723 954 tam
747 892 837 956 multi
859 892 937 956 vitio
959 891 1210 958 adversariorum

177 996 401 1080 concidissent3
425 1014 563 1076 namque
581 994 636 1057 illa
650 994 861 1075 multitudine,
886 994 912 1060 si
928 1016 1006 1060 sana
1021 1016 1111 1061 mens
1127 1004 1210 1062 11111

176 1100 336 1181 Graeciae,
366 1099 555 1183 supplicium
577 1099 691 1162 Persas
713 1097 789 1162 dare
817 1099 965 1182 potuisse.
1012 1099 1110 1180 ldem,
1139 1120 1245 1175 1111113
1292 1171 1296 1179 ,

175 1205 371 1270 adversarios
398 1203 482 1266 intra
508 1201 634 1266 moenia
661 1202 863 1284 compulisset
894 1209 933 1282 11,
964 1209 999 1267 ut
1026 1203 1209 1269 Corinthum

103 1314 106 1320 '
175 1313 381 1392 oppugnaret,
412 1305 502 1370 multi
532 1305 743 1385 hortarentur,
775 1306 904 1387 negavit
933 1305 966 1368 id
996 1326 1072 1371 suae
1102 1306 1209 1371 virtuti

176 1411 358 1476 convenire:
387 1430 421 1476 11
449 1409 533 1473 enim
560 1407 690 1473 missum
719 1427 797 1488 esse,
826 1409 880 1491 qui
905 1409 948 1473 ad
974 1409 1113 1474 officium
1139 1400 1209 1493 pec-

175 1522 284 1580 cantes
307 1515 409 1579 redire
433 1518 569 1596 cogeret,
596 1531 660 1577 non
689 1512 742 1593 qui
765 1513 859 1577 urbes
882 1513 1092 1578 nobilissimas
1106 1513 1208 1578 ¹(irae-

176 1619 243 1682 ciae
267 1623 473 1702 expugnaret.
512 1607 606 1680 ‘Nam
622 1615 648 1679 si
666 1611 729 1679 eos'
744 1614 846 1697 inquit
868 1609 1082 1699 ‘exstinguere
1105 1617 1243 1690 voluer

174 1721 281 1802 rimus
306 1721 359 1802 qui
381 1720 545 1785 nobiscum
564 1717 717 1782 adversus
733 1717 883 1784 barbaros
899 1725 1062 1800 steterunt,
1085 1726 1208 1784 nosmet

176 1825 260 1908 ipsos
284 1823 572 1908 expugnaverimus
594 1821 656 1885 illis
679 1807 923 1902 quiescentibus.
956 1820 1025 1899 Quo
1041 1822 1124 1887 tacto
1140 1821 1208 1887 sine

175 1928 311 2011 negotio,
336 1947 407 1991 cum
430 1926 594 2005 voluerint,
618 1945 676 1990 nos
698 1920 896 2008 oppriment’.

278 2030 407 2095 Interim
437 2029 551 2093 accidit
580 2029 746 2093 Leuctrica
775 2028 829 2092 illa
859 2030 1022 2094 calamitas
1047 2030 1204 2095 Lacedae·
1222 2051 1239 2102 1
1258 2051 1360 2093 anam.

174 2135 296 2200 moniis.
343 2133 411 2209 Quo
446 2152 486 2197 ne
518 2131 781 2216 proficisceretur,
817 2152 888 2198 cum
921 2154 941 2196 a
974 2133 1131 2217 plerisque
1165 2132 1207 2196 ad

175 2237 354 2303 exeundum
382 2235 602 2319 impelleretur,
631 2235 796 2298 excusavit
824 2242 1028 2317 senectutem,
1055 2242 1091 2300 ut
1117 2237 1144 2301 si
1166 2236 1207 2300 de

174 2342 262 2404 exitu
289 2339 454 2404 divinaret.
501 2337 599 2419 Idem,
629 2358 699 2402 cum
721 2338 958 2421 Epaminondas
982 2340 1128 2422 Spartam
1155 2359 1206 2422 op·

174 2450 330 2527 pugnaret
353 2448 498 2523 essetque
521 2442 589 2505 sine
611 2441 708 2506 muris
731 2441 892 2524 oppidum,
916 2448 1038 2506 tantum
1061 2461 1095 2506 se
1110 2443 1205 2526 impe-

174 2552 308 2609 ratorem
331 2545 485 2629 praebuit,
509 2551 543 2607 ut
566 2563 602 2608 eo
625 2551 765 2627 tempore
784 2544 929 2609 omnibus
945 2551 1120 2627 appareret,
1145 2546 1206 2610 nisi

174 2648 226 2712 ille
250 2649 369 2728 fuisset,
394 2649 540 2730 Spartam
562 2647 699 2710 futuram
723 2667 785 2711 non
809 2646 915 2712 tuisse.
946 2649 985 2712 In
1001 2667 1062 2729 quo
1079 2646 1205 2729 quidem
1224 2664 1239 2711 1

175 2752 355 2816 discrimine
386 2752 529 2816 celeritas
565 2750 631 2815 eius
667 2750 788 2816 consilii
822 2751 915 2815 saluti
948 2751 1007 2815 fuit
1041 2751 1203 2816 universis.

173 2855 256 2918 Nam
284 2875 355 2919 cum
383 2853 510 2936 quidam
538 2852 774 2933 adulescentuli,
806 2853 943 2918 hostium
970 2853 1110 2919 adventu
1140 2875 1206 2938 per-

174 2957 283 3037 territi,
312 2955 352 3019 ad
375 2957 544 3020 Thebanos
572 2955 770 3040 transfugere
798 2956 915 3022 vellent
939 2962 970 3022 11
992 2958 1093 3022 locum
1117 2963 1206 3022 extra

134 3130 136 3134 ¹
174 3062 284 3125 urbem
301 3060 420 3124 editum
441 3060 608 3144 cepissent,
631 3059 806 3142 Agesilaus,
831 3062 885 3143 qui
906 3060 1204 3144 perniciosissimum

175 3164 241 3227 t'ore
264 3162 395 3242 videret,
419 3163 446 3227 si
469 3162 724 3227 animadversum
741 3170 824 3228 esset
840 3184 1028 3247 quemquam
1043 3164 1085 3228 ad
1100 3164 1206 3229 hostes

174 3266 372 3350 transfugere
396 3267 511 3347 conari,
536 3287 607 3330 cum
630 3265 694 3330 suis
718 3284 755 3331 eo
777 3267 866 3332 venit
888 3274 993 3349 atque,
1017 3273 1051 3332 ut
1074 3267 1100 3364 11
1123 3267 1205 3332 bono

174 3369 280 3434 animo
311 3370 471 3450 fecissent,
501 3369 642 3434 laudavit
673 3370 841 3435 consilium
872 3391 992 3452 eorum,
1024 3370 1107 3454 quod
1134 3389 1205 3436 eum

174 3473 277 3536 locum
308 3482 524 3557 occupassent,
556 3493 590 3537 se
622 3493 744 3555 quoque
776 3473 808 3536 id
838 3473 906 3538 fieri
929 3469 1044 3540 debere
1067 3474 1206 3539 animad-

175 3575 317 3644 vertisse.
350 3577 401 3642 Sic
416 3575 635 3640 adulescentes
651 3575 798 3640 simulata
813 3577 994 3641 laudatione
1008 3577 1206 3660 recuperavit
1224 3597 1239 3646 a

176 3684 206 3742 et
240 3678 396 3742 adiunctis
430 3677 470 3742 de
504 3679 569 3742 suis
604 3679 768 3744 comitibus
801 3680 902 3744 locum
937 3686 1038 3744 tutum
1071 3680 1204 3761 reliquit.

174 3781 321 3862 Namque
350 3781 395 3844 illi
425 3788 516 3846 aucto
546 3801 676 3845 numero
707 3802 827 3863 eorum,
859 3783 910 3863 qui
942 3789 1088 3866 expertes
1118 3791 1207 3846 erant

1021 3884 1051 3934 5*
