2934 4192
265 167 308 230 34
645 180 695 234 rx.
714 178 839 235 coron.
858 182 882 234 3.
895 183 920 234 4.

265 375 326 439 que
353 355 472 420 meritis
499 353 585 438 apud
611 373 729 437 regem,
758 353 853 420 etiam
876 372 946 418 cum
967 351 1001 416 in
1024 351 1127 417 officio
1149 373 1213 417 non
1235 375 1299 418 ma-

264 464 363 540 neret,
386 458 522 523 valebat.
568 458 681 538 Neque
701 455 735 521 id
759 461 826 521 erat
847 454 1035 536 mirandum,
1063 454 1089 521 si
1115 474 1179 520 non
1206 455 1300 522 facile

140 639 142 644 ,
264 560 307 627 ad
336 560 528 627 credendum
558 559 784 640 adducebatur,
815 559 1019 625 reminiscens
1049 558 1116 623 eius
1142 578 1177 624 se
1204 578 1300 642 opera

229 681 245 728 2
263 665 382 750 Cyrum
395 663 524 729 fratrem
544 683 717 748 superesse.
749 662 850 728 Huius
872 660 1044 727 accusandi
1065 661 1168 744 gratia
1190 662 1298 728 Conon

263 767 503 832 aPhamabazo
517 766 560 831 ad
574 787 682 850 regem
697 767 811 832 missus
825 772 1032 849 posteaquam
1046 764 1143 845 venit,
1163 765 1298 849 primum

264 892 306 938 ex
320 885 407 938 more
420 872 586 937 Persarum
601 869 643 935 ad
658 869 871 950 chiliarchum,
895 870 947 951 qui
970 866 1143 933 secundum
1165 868 1298 951 gradum

264 975 387 1060 imperii
401 975 540 1055 tenebat,
563 973 786 1054 Tithraustcm,
810 973 943 1038 accessit
962 991 1059 1054 seque
1074 970 1212 1036 ostendit
1227 992 1298 1037 cum

230 1077 347 1164 arege-
367 1079 499 1160 colloqui
526 1079 616 1142 velle.
662 1078 744 1143 Huic
769 1077 822 1144 ille
844 1069 961 1141 ‘Nulla’
983 1076 1085 1159 inquit
1112 1068 1210 1140 ‘mora
1232 1082 1298 1159 est;

264 1181 321 1248 sed
350 1189 385 1248 tu
413 1180 567 1260 delibera,
603 1187 706 1246 utrum
736 1181 870 1264 colloqui
899 1180 991 1246 malis
1020 1200 1062 1245 an
1091 1199 1149 1264 per
1176 1179 1299 1254 litteras

263 1304 369 1370 agere,
393 1304 474 1367 quae
494 1285 622 1369 cogitas.
654 1285 793 1350 Necesse
809 1290 857 1349 est
872 1283 965 1364 enim,
989 1283 1071 1348 siin
1095 1289 1297 1367 conspectum

263 1388 398 1470 veneris,
425 1388 578 1470 venerari·
596 1393 628 1451 10
654 1407 770 1470 regem.
816 1388 918 1452 Nemo
946 1387 1030 1450 enim
1057 1386 1126 1451 sine
1155 1385 1216 1451 hoo
1243 1385 1298 1450 ad-

264 1492 405 1557 mittitur.
439 1492 508 1556 Hoc
523 1492 550 1556 si
564 1491 623 1556 tibi
641 1510 740 1574 grave
760 1497 817 1571 001,
841 1509 897 1575 per
919 1509 970 1555 me
992 1489 1091 1554 nihilo
1114 1489 1211 1555 setius
1234 1489 1298 1555 edi·

229 1597 304 1662 stis
326 1594 484 1660 mandatis
507 1594 662 1675 conficies,
691 1592 774 1676 quod
800 1589 927 1659 studes'.
972 1594 1054 1658 Tum
1078 1593 1186 1659 (lonon
1208 1586 1295 1657 ‘Mihi

263 1693 350 1766 vero’
377 1699 479 1780 inquit
509 1690 582 1762 ‘non
613 1703 661 1763 est
689 1717 787 1781 grave
817 1697 960 1780 quemvis
993 1697 1143 1762 honorem
1177 1695 1297 1760 habere

262 1804 346 1888 regi;
370 1802 428 1868 sed
442 1822 561 1881 vereor,
584 1821 625 1866 ne
647 1801 768 1866 civitati
790 1821 880 1866 meae
902 1801 943 1866 sit
965 1800 1141 1885 opprobrio,
1164 1801 1201 1881 si,
1223 1819 1295 1865 cum

264 1929 305 1973 ex
321 1927 359 1972 ea
374 1907 433 1972 sim
448 1905 617 1989 profectus,
640 1924 722 1986 quae
744 1904 856 1969 ceteris
877 1903 1026 1986 gentibus
1047 1904 1203 1987 imperare
1226 1923 1296 1968 con·

263 2012 373 2092 suerit,
412 2009 516 2094 potius
549 2007 752 2073 barbarorum
786 2027 881 2089 quam
917 2007 1000 2072 illius
1036 2026 1122 2072 more
1159 2003 1293 2092 fungar'.

229 2116 385 2197 tItaque,
413 2132 495 2194 quae
520 2111 657 2190 volebat,
684 2110 801 2194 scripta
828 2109 966 2174 tradidit.
1012 2108 1133 2186 Quibus
1160 2111 1296 2194 cognitis

263 2238 319 2283 rex
347 2221 470 2280 tantum
496 2213 682 2280 auctoritate
709 2213 776 2278 eius
799 2220 900 2278 motus
923 2220 980 2295 est,
1004 2221 1039 2278 ut
1061 2213 1294 2298 0111000010οτ-

263 2341 337 2385 nem
364 2319 487 2386 hostem
513 2316 666 2382 iudicaret
694 2323 727 2382 et
747 2315 1014 2383 Lacedaemonios
1040 2317 1122 2383 bello
1148 2317 1293 2401 persequi

263 2425 387 2489 iuberet
408 2428 440 2487 et
461 2421 523 2505 ipsi
542 2420 739 2504 permitteret
758 2439 851 2502 quem
871 2420 968 2486 vellet
982 2421 1099 2504 eligere
1114 2419 1155 2484 ad
1170 2420 1294 2505 dispen-

263 2526 396 2594 sandam
418 2523 594 2610 pecuniam.
631 2522 670 2587 Id
691 2523 854 2588 arbitrium
870 2523 979 2590 Conon
1002 2524 1131 2608 negavit
1152 2524 1201 2589 sui
1224 2543 1307 2589 esse

264 2629 394 2710 consihi‚
422 2627 480 2694 sed
501 2627 609 2711 ipsius,
638 2627 692 2708 qui
714 2627 831 2711 optime
853 2645 925 2692 suos
947 2647 1041 2693 nosse
1063 2626 1204 2712 deberet;
1236 2627 1294 2694 sed
1397 2631 1401 2636 '

230 2752 245 2799 a
264 2753 299 2801 00
321 2731 463 2814 suadere,
486 2731 692 2796 Pharnabazo
714 2730 748 2794 id
770 2731 887 2814 negotii
910 2729 1008 2795 daret.
1053 2731 1146 2811 Hinc,
1169 2731 1296 2815 magnis

263 2835 445 2901 muneribus
473 2833 619 2915 donatus,
648 2833 690 2898 ad
717 2854 805 2898 mare
828 2840 875 2899 est
901 2833 1025 2915 missus,
1055 2840 1090 2898 01
1113 2834 1239 2918 Cypriis
1261 2841 1294 2898 01

263 2939 473 3005 Phoenicibus
496 2937 671 3020 ceterisque
689 2938 854 3003 maritimis
874 2937 1054 3004 civitatibus
1068 2957 1168 3003 naves
1182 2937 1296 3020 longas

263 3043 433 3126 imperaret
459 3042 664 3123 classemque,
695 3060 758 3122 qua
783 3041 928 3125 proxima
954 3047 1075 3106 aestate
1101 3060 1188 3106 mare
1213 3041 1293 3104 tueri

264 3151 379 3230 posset,
403 3149 606 3228 compararet,
629 3143 703 3208 dato
726 3142 868 3208 adiutore
883 3143 1098 3225 Pharnabazo,
1121 3143 1295 3227 sicutipse

230 3249 414 3314 evoluerat.
460 3246 497 3310 Id
520 3253 555 3312 01
576 3245 836 3313 Lacedaemoniis
858 3253 907 3312 001
928 3247 1116 3327 nuntiatum,
1138 3266 1202 3312 000
1225 3246 1295 3312 0100

264 3372 339 3417 cura
366 3370 434 3416 rem
463 3348 698 3431 administrant,
734 3348 818 3432 quod
846 3350 948 3414 maius
981 3350 1098 3414 bellum
1130 3350 1296 3414 imminere

263 3453 504 3533 arbitrabantur,
532 3473 626 3535 quam
654 3453 679 3517 si
703 3473 773 3518 cum
796 3451 937 3518 barbaris
959 3453 1034 3518 solis
1056 3451 1291 3518 contenderent.
1370 3493 1374 3502 -

263 3559 347 3623 Nam
374 3556 486 3622 ducem
512 3555 625 3621 fortem
652 3562 684 3620 et
711 3554 898 3640 prudentem
925 3555 1010 3639 regis
1036 3556 1148 3639 opibus
1170 3554 1295 3640 praefu-

264 3669 368 3726 turum
382 3679 422 3724 ac
441 3677 547 3724 secum
567 3657 787 3723 dimicaturum
807 3657 968 3739 videbant,
993 3678 1086 3740 quem
1105 3679 1208 3742 neque
1224 3679 1294 3724 con·

230 3779 247 3824 4
265 3764 333 3830 silio
354 3782 458 3845 neque
480 3762 577 3847 copiis
598 3782 747 3847 superare
767 3769 904 3846 possent.
940 3762 1008 3826 Hac
1024 3769 1129 3827 mente
1144 3781 1293 3845 magnam
