2934 4192
299 179 339 242 12
546 265 550 272 ¹
601 195 637 247 11.
655 191 938 246 rnsnrsroccrs.
957 197 980 249 a
995 196 1019 246 e.

297 368 478 432 testularum
505 367 663 450 suffragiis
690 386 708 430 e
734 366 862 430 civitate
885 366 1003 430 eiectus
1025 367 1127 448 Argos
1149 365 1326 431 habitatum

262 480 277 528 2
296 470 458 536 concessit.
503 471 564 534 Hie
590 491 661 533 eum
687 476 815 553 propter
836 469 950 533 multas
972 475 1004 532 ct
1026 469 1171 552 egregias
1192 469 1326 534 viantes
1391 519 1395 528 .

296 595 412 659 magna
427 594 499 639 cum
514 573 668 658 dignitate
683 573 814 654 viveret,
837 571 1080 637 Lacedaemonii
1093 574 1216 656 legatos
1232 573 1326 638 Athe

296 699 354 743 nas
369 678 529 759 misemnt,
555 677 699 760 quicum
721 677 886 743 absentem
906 682 1102 757 accusarent,
1125 675 1208 758 quod
1231 677 1327 742 socie-

295 789 392 846 tatem
423 803 494 846 curn
517 801 599 874 'rege
626 783 792 846 Persarum
821 779 863 844 ad
893 779 1056 845 Graeciam
1087 779 1326 864 opprimendam

140 905 244 948 arcaea.
263 901 278 946 3
297 887 432 951 fecisset.
467 887 535 950 Hoc
557 885 686 950 crimine
708 884 823 949 absens
845 883 1013 948 damnatus
1035 889 1091 948 est.
1126 883 1164 948 ld
1185 891 1220 949 ut
1241 887 1327 950 audi-

295 991 351 1072 vit,
383 989 466 1072 quod
495 1009 558 1054 non
585 990 662 1054 satis
689 994 790 1052 tutum
812 1006 846 1052 se
868 988 963 1069 Argis
984 985 1124 1067 videbat,
1155 988 1326 1073 Corcyram

295 1093 492 1178 demigravit.
538 1092 587 1158 Ibi
614 1112 684 1156 curn
710 1091 870 1175 principes
894 1089 1030 1155 civitatis
1051 1090 1327 1158 animadvertisset

296 1199 415 1278 timere,
438 1216 479 1261 ne
500 1203 627 1280 propter
649 1216 684 1260 se
706 1195 822 1260 bellum
845 1195 890 1258 eis
912 1192 1155 1258 Lacedaemonii
1178 1202 1210 1259 et
1233 1197 1327 1262 Athe·
1441 1271 1442 1274 Ἴ

295 1302 423 1366 nienses
442 1299 626 1380 indicerent,
648 1299 691 1364 ad
706 1297 874 1363 Admetum
889 1298 1093 1362 Molossomm
1115 1318 1231 1382 regem,
1255 1320 1327 1365 curn

262 1417 358 1488 equo
380 1405 409 1469 ei
432 1403 601 1487 hospitium
626 1422 690 1467 non
718 1407 794 1482 erat,
822 1400 972 1484 confugit.
1016 1400 1062 1465 Eo
1089 1420 1160 1464 cum
1186 1403 1328 1470 venisset

296 1516 327 1575 et
349 1509 382 1572 in
404 1506 584 1593 praesentia
605 1526 662 1570 rex
685 1504 820 1585 abesset,
844 1523 905 1586 quo
927 1503 1045 1569 maiore
1066 1504 1218 1587 religione
1233 1526 1267 1572 se
1282 1528 1327 1573 re

296 1619 421 1698 ceptum
450 1616 598 1691 tueretur,
627 1609 726 1672 filium
756 1608 823 1672 eius
851 1607 1017 1691 parvulum
1043 1607 1175 1692 arripuit
1201 1615 1327 1676 etcum
1399 1657 1403 1664 -

297 1738 334 1783 eo
361 1736 396 1782 se
421 1717 455 1780 in
481 1715 661 1794 sacrarium,
690 1711 772 1795 quod
799 1730 922 1776 summa
944 1712 1105 1776 colebatur
1127 1712 1327 1797 caerimonia,

297 1820 438 1886 coniecit.
483 1816 562 1883 Inde
583 1837 647 1882 non
669 1817 755 1900 prius
782 1835 926 1899 egressus
956 1821 1004 1880 est
1033 1834 1127 1897 quarn
1162 1837 1220 1881 rex
1255 1837 1327 1882 eum

296 1925 371 1990 data
406 1923 518 1988 dextra
558 1922 592 1986 in
627 1919 722 1984 fidem
758 1919 932 2003 reciperet;
975 1937 1070 2001 quam
1105 1919 1246 1984 maxima
1275 1923 1328 1988 isse

262 2037 367 2094 ⁵cum
389 2026 540 2110 religione
561 2023 724 2109 praestitit.
765 2023 849 2086 Nam
877 2042 947 2086 eum
969 2023 1009 2087 ah
1025 2021 1272 2090 Atheniensibus
1296 2032 1328 2090 et

296 2129 553 2197 Lacedaemoniis
576 2131 796 2211 exposceretur
817 2125 952 2208 publice,
975 2125 1149 2209 supplicem
1171 2147 1235 2192 non
1258 2149 1327 2212 pro·
1440 2111 1441 2130 ¹

297 2234 376 2299 didit
391 2233 582 2314 monuitque,
605 2237 640 2294 ut
655 2229 829 2295 consuleret
845 2228 921 2294 sibi:
945 2227 1074 2293 difficile
1096 2229 1180 2294 enirn
1203 2251 1272 2297 esse
1293 2233 1328 2298 in

297 2346 362 2403 tam
387 2336 562 2421 propinquo
588 2335 656 2400 loco
683 2338 750 2398 tuto
777 2351 848 2396 eum
874 2332 1001 2396 versari.
1047 2333 1158 2415 Itaque
1181 2333 1328 2418 Pydnam

298 2462 369 2506 eum
392 2439 505 2505 deduci
531 2438 621 2503 iussit
647 2442 688 2517 et,
720 2435 803 2518 quod
831 2436 907 2500 satis
934 2441 1017 2500 esset
1043 2435 1201 2519 praesidii,
1229 2437 1326 2504 dedit.

263 2545 346 2610 olbi
368 2545 401 2610 in
424 2533 541 2608 navem
562 2542 706 2606 omnibus
727 2542 854 2624 ignotus
878 2538 1042 2604 escendit·
1062 2538 1151 2616 Quae
1167 2561 1237 2604 curn
1252 2547 1327 2606 tern-

298 2655 420 2734 pestate
442 2647 582 2711 maxima
603 2647 732 2710 Naxum
754 2645 896 2724 ferretrrr,
920 2643 974 2708 ubi
997 2649 1063 2707 turn
1086 2644 1327 2709 Atheniensium

298 2760 366 2819 erat
395 2752 564 2831 exereitus,
595 2750 694 2816 sensit
722 2748 966 2828 Themistocles,
997 2747 1024 2812 si
1054 2767 1091 2812 eo
1121 2749 1326 2832 pervenisset,

298 2857 359 2924 sihi
385 2876 455 2922 esse
480 2854 684 2940 pereundum.
729 2854 798 2916 Hac
827 2852 1016 2916 necessitate
1046 2857 1171 2916 coaetus
1200 2851 1328 2917 domino

299 2960 398 3041 navis,
422 2959 491 3043 quis
506 2959 555 3040 sit,
578 2958 689 3043 aperit,
709 2956 807 3020 multa
822 2955 982 3040 pollicens,
1005 2954 1031 3020 si
1051 2973 1085 3019 se
1101 2945 1325 3021 conservasset.

265 3065 341 3130 ⁷At
362 3063 414 3128 ille
437 3062 601 3128 clarissimi
623 3061 683 3125 viri
706 3065 816 3144 captus
843 3056 1055 3123 misericordia
1083 3057 1166 3123 diem
1193 3065 1328 3124 noctem-

299 3188 360 3252 que
381 3166 488 3252 procul
509 3166 550 3231 ab
577 3165 681 3230 insula
709 3164 743 3228 in
774 3165 840 3229 salo
870 3183 983 3226 navem
1013 3167 1114 3226 tenuit
1142 3161 1175 3225 in
1205 3164 1329 3227 ancoris

299 3290 401 3354 neque
424 3291 612 3354 quemquam
640 3287 680 3333 ex
707 3287 746 3332 ea
772 3266 859 3332 exire
885 3285 997 3350 passus
1024 3271 1094 3329 est·
1127 3265 1206 3330 Inde
1228 3265 1328 3349 Ephe·

299 3397 368 3443 sum
390 3375 534 3460 pervenit
556 3375 663 3455 ibique
684 3371 926 3436 Themistoclem
950 3368 1096 3452 exponit;
1125 3369 1176 3433 cui
1197 3368 1250 3433 ille
1272 3389 1328 3452 pro

299 3479 417 3546 meritis
440 3485 550 3564 postea
572 3478 706 3563 gratiam
729 3475 855 3540 rettulit.

264 3587 282 3642 9
404 3585 474 3649 Scio
501 3584 666 3668 plerosque
692 3580 737 3661 ita
759 3577 932 3661 scripsisse,
955 3575 1197 3642 Themistoclem
1220 3577 1329 3641 Xerxe

299 3694 451 3773 regnante
465 3687 498 3752 in
513 3687 622 3751 Asiam
638 3682 797 3748 transisse.
834 3680 897 3747 Sed
917 3701 976 3766 ego
995 3680 1191 3768 potissimum
1205 3679 1329 3764 Thucy-

301 3791 367 3856 didi
390 3791 492 3872 credo,
522 3788 605 3872 quod
628 3795 659 3853 ot
681 3793 785 3852 aetate
807 3785 968 3870 proximus
991 3783 1107 3862 decis,
1132 3781 1184 3864 qui
1207 3782 1328 3848 illorum
