2934 4192
312 171 353 234 32
579 186 657 241 VIII.
676 186 959 242 THRASYBULUS.
978 191 1003 242 2.
1015 192 1039 244 3.
1052 190 1077 243 4.

310 359 415 441 attigit
437 359 498 424 nisi
522 379 619 440 arma,
648 378 778 440 quorum
799 358 972 444 indigebat,
996 379 1139 442 quaeque
1160 361 1203 425 ad
1224 363 1341 429 rictum

278 462 520 546 apertinebant.
563 463 600 527 In
623 462 761 528 secundo
783 463 901 547 proeho
923 463 1038 530 cecidit
1060 464 1182 546 Critias,
1207 464 1271 530 dux
1294 472 1341 550 ty-

310 585 488 647 rannorum,
512 586 582 630 cum
605 566 732 648 quidem
754 565 907 632 adversus
921 567 1155 650 Thrasybulum
1173 567 1340 634 fortissime

275 683 294 738 a
311 675 476 753 pugnaret.
515 671 583 734 Hoc
598 669 720 735 deiecto
734 671 917 752 Pausanias,
941 691 998 736 rex
1013 669 1339 755 Lacedaemomornm‚

310 772 448 839 advenit.
490 775 522 839 Is
548 774 631 840 inter
652 773 886 858 Thrasybulum
909 780 940 841 et
962 794 1026 856 ecs,
1049 775 1103 858 qui
1125 777 1235 840 urbem
1256 782 1340 841 tene-

310 879 396 958 bant,
420 897 531 962 pacem
553 878 629 944 fecit
643 878 693 944 his
709 877 961 944 condicionibus:
984 898 1025 944 ne
1040 879 1093 962 qui
1108 886 1232 964 praeter
1247 879 1341 944 XXX

309 989 462 1065 tyrannos
477 987 509 1046 et
519 983 560 1063 X,
581 982 634 1064 qui
653 988 763 1066 postea
781 988 942 1067 praetores
961 981 1057 1048 creati
1072 982 1241 1066 superioris
1255 1002 1340 1047 more

310 1085 503 1151 crudelitatis
522 1092 612 1151 erant
626 1085 684 1167 usi,
707 1085 908 1151 afficerentur
930 1085 1025 1151 exilio
1047 1104 1129 1151 neve
1143 1087 1228 1152 bona
1242 1086 1339 1170 publi-

276 1207 291 1253 a
310 1195 468 1273 carentur;
487 1189 534 1254 rei
549 1188 694 1274 publicae
710 1189 885 1273 procuratio
901 1190 1015 1274 populo
1026 1187 1217 1254 redderetur.
1250 1190 1340 1254 Prae-

310 1293 427 1358 clarum
456 1291 516 1357 hoc
543 1312 666 1374 quoque
688 1292 888 1376 Thrasybuli,
916 1291 1000 1375 quod
1026 1291 1227 1358 reconciliata
1251 1311 1339 1376 pace,

310 1415 381 1460 oum
396 1395 563 1480 plurimum
577 1395 610 1459 in
627 1395 754 1460 civitate
768 1402 884 1480 posset,
899 1397 1003 1479 legem
1024 1395 1104 1477 tulit,
1125 1415 1167 1461 ne
1182 1395 1251 1478 quis
1263 1402 1341 1460 ante

307 1505 449 1565 actarum
472 1519 574 1564 rerum
595 1505 794 1563 accusaretur
815 1518 897 1564 neve
919 1500 1118 1584 multaretur;
1146 1518 1279 1581 eamque
1300 1499 1341 1564 le

275 1618 291 1666 3
309 1622 380 1686 gem
394 1601 560 1667 oblivionis
570 1602 776 1686 appellarunt.
804 1603 917 1684 Neque
928 1602 1096 1668 verohanc
1108 1608 1230 1667 tantum
1242 1601 1341 1667 feren-

310 1706 383 1770 dam
399 1705 529 1787 curavit,
549 1705 606 1771 sed
625 1706 729 1787 etiam,
745 1713 780 1770 ut
795 1706 923 1786 valeret,
940 1706 1053 1772 effecit.
1081 1707 1165 1770 Nam
1184 1725 1255 1770 cum
1276 1705 1341 1787 qui-

309 1810 382 1874 dam
399 1830 440 1875 ex
467 1809 523 1891 eis,
544 1809 597 1892 qui
620 1808 713 1874 simul
737 1829 807 1874 oum
829 1828 865 1873 eo
879 1809 913 1873 in
937 1809 1032 1873 exili0
1054 1809 1189 1890 fuerant,
1212 1807 1342 1873 caedem

308 1913 412 1978 facere
428 1933 534 1978 eorum
549 1913 676 1994 vellent,
700 1932 771 1977 cum
786 1912 899 1995 quibus
913 1912 946 1976 in
965 1912 1101 1995 gratiam
1119 1910 1254 1978 reditum
1273 1918 1342 1976 erat

308 2017 442 2100 pubhce‚
468 2015 628 2100 prohibuit
658 2021 689 2080 et
710 2015 752 2096 id,
783 2013 867 2098 quod
889 2015 1044 2098 pollicitus
1067 2021 1144 2096 crat,
1174 2015 1339 2100 praestitit.

272 2131 291 2183 4
410 2118 608 2202 Thrasybulo
627 2139 683 2203 pro
703 2118 800 2183 tantis
820 2118 939 2183 meritis
962 2116 1087 2184 honoris
1109 2138 1205 2184 causa
1226 2138 1344 2184 corona

306 2243 326 2287 a
348 2222 462 2307 populo
485 2220 559 2286 data
574 2227 630 2303 est,
653 2221 739 2286 facta
755 2220 876 2286 duabus
891 2221 1021 2305 virgulis
1036 2221 1221 2304 oleagineis:
1246 2242 1342 2305 quam

309 2325 391 2408 quod
417 2344 504 2389 amor
531 2324 656 2406 civium,
687 2345 752 2389 non
777 2325 827 2390 vis
850 2329 1059 2408 expresserat,
1089 2325 1208 2389 nullam
1229 2324 1343 2390 habuit

274 2428 460 2494 ainvidiam
482 2431 661 2511 magnaque
683 2427 744 2492 fuit
764 2427 872 2511 gloria.
907 2429 994 2494 Bene
1017 2447 1091 2510 ergo
1114 2427 1254 2492 Pittacus
1275 2427 1341 2509 ille,

309 2533 362 2615 qui
383 2532 417 2597 in
439 2532 501 2596 VII
522 2531 699 2616 sapientum
725 2551 855 2596 numero
883 2537 932 2596 est
957 2530 1094 2612 habitus,
1126 2550 1197 2595 cum
1218 2531 1343 2614 Mytile-

201 2717 210 2733 ι
308 2636 380 2701 naei
398 2636 520 2700 muneri
540 2635 570 2700 ei
591 2636 691 2700 multa
712 2635 798 2700 miha
819 2635 963 2718 iugerum
985 2633 1114 2699 darent:
1137 2628 1261 2716 ‘Nohte‚
1284 2654 1342 2700 cro

307 2735 385 2821 vos’,
407 2738 519 2820 inquit,
542 2731 587 2803 ‘id
608 2738 686 2803 mihi
708 2738 792 2820 darc,
816 2737 900 2821 quod
927 2738 1016 2804 multi
1038 2736 1210 2818 invideant,
1233 2739 1342 2822 plures

308 2843 402 2907 etiam
430 2843 662 2927 concupiscant.
709 2842 814 2919 Quare
837 2842 969 2907 existis
991 2841 1062 2906 nolo
1084 2841 1219 2924 amplius
1243 2861 1340 2923 quam

309 2952 435 3010 centum
456 2946 575 3029 iugera,
598 2965 679 3029 quae
703 2951 735 3010 et
759 2966 863 3010 meam
889 2944 987 3009 animi
1013 2943 1204 3025 aequitatem
1231 2950 1262 3008 et
1287 2964 1341 3010 ve-

308 3054 404 3114 stram
425 3050 617 3114 voluntatem
640 3045 801 3113 indicent,²
828 3049 911 3112 Nam
933 3067 1033 3132 parva
1054 3065 1185 3112 munera
1206 3044 1341 3129 diutina,

274 3165 289 3213 s
307 3151 475 3236 locupletia
497 3173 560 3217 non
582 3153 707 3236 propria
726 3171 796 3218 esse
815 3157 1012 3217 consuerunt.
1041 3150 1100 3214 Illa
1112 3149 1209 3234 igitur
1224 3169 1342 3215 corona

309 3261 472 3321 contentus
500 3255 718 3338 Thrasybulus
745 3274 850 3337 neque
879 3254 1014 3338 ampHus
1042 3252 1206 3335 requisivit
1234 3271 1342 3334 neque

274 3371 288 3416 4
309 3378 496 3441 quemquam
510 3358 629 3424 honore
644 3378 678 3423 se
693 3358 902 3424 antecessisse
917 3356 1119 3423 existimavit.
1154 3357 1341 3438 Insequenti

308 3469 457 3546 ternpore,
478 3483 549 3527 oum
564 3469 689 3548 praetor
711 3462 843 3527 classem
864 3459 906 3526 ad
928 3461 1069 3527 Ciliciam
1091 3458 1263 3543 appulisset
1285 3479 1342 3524 ne-

308 3585 369 3648 que
391 3565 466 3630 satis
489 3565 656 3649 diligenter
675 3565 709 3630 in
733 3565 842 3630 castris
866 3565 933 3630 cius
959 3569 1127 3648 agerentur
1153 3561 1288 3646 vigiliae,
1319 3584 1343 3628 a

154 3687 257 3731 resecr.
307 3668 449 3734 barbaris
478 3689 520 3734 ex
549 3668 698 3753 Aspendo
727 3666 843 3752 oppido
872 3673 967 3733 noctu
997 3665 1159 3750 eruptione
1187 3663 1272 3728 facta
1302 3664 1341 3732 in

308 3771 510 3835 tabernaculo
532 3770 715 3836 interiectus
738 3777 793 3833 est.
