2934 4192
282 196 329 251 vr.
350 193 602 249 erchunnen
635 191 696 249 vu
715 189 954 248 Ancrnrnnns.
975 197 997 250 ι,
1011 195 1033 250 a
1048 195 1071 250 a.
1151 173 1193 242 23

162 369 326 453 Lysandro
353 388 424 434 cum
451 366 559 453 ephori
587 372 784 450 cognossent,
814 366 876 451 ipsi
905 367 1074 450 legendum
1101 366 1194 434 dede

161 479 241 538 runt.
287 474 337 537 lta
357 472 410 536 ille
432 469 616 555 imprudens
639 471 708 555 ipse
730 491 806 536 suus
829 470 889 534 fuit
911 478 1082 536 accusator.
1144 550 1146 560 Ι

263 577 333 640 VII.
357 576 563 656 Ancrnranns,
579 574 701 641 Cliniae
717 574 809 656 filius,
825 574 1038 640 Atheniensis.
1071 576 1107 638 In
1123 574 1192 655 hoc,
1213 590 1226 640 1

161 684 273 744 natura
287 678 362 761 quid
378 679 503 744 efficere
518 683 636 762 posset,
658 677 782 744 videtur
797 683 936 762 experta.
965 678 1095 744 Constat
1111 678 1194 743 enirn

161 783 241 846 inter
264 802 383 863 omnes,
411 781 464 864 qui
487 780 527 845 de
550 801 586 846 eo
609 782 777 849 memoriae
800 781 1014 866 prodiderunt,
1042 781 1119 845 nihil
1141 781 1193 846 illo

161 884 258 950 fuisse
281 886 488 951 excellentius
510 905 614 968 neque
637 885 722 951 vitiis
745 905 847 967 neque
871 886 1046 950 virtutibus.
1092 885 1193 950 Natus
1212 902 1227 946 u
1277 965 1279 970 Ι

160 989 192 1052 in
223 989 417 1073 amphssima
448 989 575 1054 civitate
605 1009 726 1054 summo
756 1008 882 1072 genere,
914 988 1053 1052 omnium
1082 989 1194 1053 aetatis

161 1111 236 1156 suae
266 1092 363 1157 multo
393 1092 645 1173 formosissimus,
675 1091 717 1156 ad
744 1112 853 1158 omnes
876 1111 925 1156 res
948 1098 1041 1176 aptus
1064 1091 1194 1154 consilii·

162 1214 221 1276 que
243 1195 365 1280 plenus,
393 1196 536 1277 disertus,
564 1196 654 1260 utin
677 1195 786 1280 primis
809 1195 943 1260 dicendo
966 1196 1094 1274 valeret,
1123 1216 1193 1258 cum
1212 1211 1227 1255 3

161 1305 285 1384 tempus
307 1306 459 1384 posceret,
487 1300 661 1365 laboriosus
683 1301 817 1384 petione,
845 1299 984 1364 liberalis
1011 1297 1193 1382 splendidus

160 1405 193 1468 in
216 1405 282 1468 vita
304 1403 461 1485 victuque,
494 1403 640 1483 affabilis,
671 1402 815 1483 blandus,
847 1403 1039 1487 temporibus
1063 1401 1193 1466 callidis-

161 1508 239 1572 sime
259 1507 416 1591 serviens;
439 1506 534 1587 idem,
558 1506 650 1571 simul
672 1525 710 1570 ac
732 1525 766 1571 se
788 1506 952 1571 remiserat
973 1523 1076 1587 neque
1100 1518 1227 1568 causac

161 1612 297 1691 suberat,
328 1631 424 1692 quare
446 1610 543 1675 animi
565 1610 705 1675 laborem
735 1609 897 1694 perferret,
927 1609 1104 1673 luxuriosus
1135 1608 1194 1673 dis-

161 1715 289 1795 solutus,
317 1713 504 1778 libidinosus
530 1713 746 1798 intemperans
772 1713 996 1798 reperiebatur,
1023 1718 1059 1777 ut
1084 1732 1193 1776 omnes

161 1817 390 1881 admirarentur
411 1819 445 1882 in
467 1838 530 1883 uno
552 1817 680 1882 homine
703 1823 823 1890 tantam
847 1837 916 1882 esse
943 1836 1036 1901 posse
1063 1814 1193 1882 dissimi-

161 1919 324 1984 htudinem
339 1926 474 2003 ⁴tamque
496 1920 655 1986 diversam
677 1925 831 1984 naturam.

264 2023 424 2089 Educatus
447 2025 550 2088 estin
573 2023 665 2088 domo
687 2023 810 2105 Pericli,
840 2023 977 2090 eruditus
1005 2026 1228 2109 aSocrate3‘r

162 2144 302 2193 socerum
329 2127 439 2191 habuit
461 2127 682 2212 Hipponicum,
714 2127 852 2192 omnium
877 2127 997 2192 Graeca
1022 2128 1131 2212 lingua
1152 2129 1193 2191 lo-

162 2231 323 2312 quentium
346 2230 552 2302 ditissimum:
584 2236 627 2312 ut,
659 2230 686 2294 si
708 2230 777 2314 ipse
806 2229 926 2314 fingere
956 2231 1059 2313 vellet,
1090 2251 1193 2312 neque

161 2336 250 2418 plura
276 2336 360 2399 bona
382 2353 486 2416 neque
508 2333 628 2398 maiora
649 2340 756 2418 posset
779 2334 926 2416 consequi
958 2354 1051 2414 quam
1072 2333 1123 2398 vel
1142 2354 1193 2397 na-

161 2444 229 2503 tura
250 2438 303 2502 vel
324 2436 449 2500 fortuna
470 2437 629 2502 tribuerat.

159 2555 161 2562 ·
263 2540 352 2604 Bello
375 2540 603 2624 Peloponnesio
625 2539 799 2605 Alcibiadis
823 2540 951 2606 consilio
974 2545 1068 2621 atque
1091 2545 1229 2604 aucto-3

161 2645 252 2708 ritate
286 2643 496 2708 Athenienses
530 2643 645 2708 bellum
675 2628 883 2726 Syracusanis
915 2643 1118 2728 indixerunt5
1152 2643 1193 2706 ad
1245 2669 1339 2712 asson

162 2746 245 2830 quod
274 2746 448 2829 gerendum
477 2747 546 2831 ipse
577 2747 642 2811 dux
672 2745 812 2812 delectus
843 2752 903 2827 est,
936 2746 996 2810 duo
1031 2753 1191 2831 praetcrea

163 2851 301 2933 collegae
323 2849 398 2930 dati,
422 2849 531 2913 Nicias
554 2854 585 2913 et
606 2849 792 2914 Lamachus.
824 2849 862 2913 ld
886 2870 956 2915 cum
978 2857 1226 2934 appararetur,2

162 2953 285 3033 accidit,
316 2959 360 3033 ut,
392 2953 575 3036 priusquam
606 2952 715 3018 classis
743 2952 853 3034 exiret,
884 2973 948 3017 una
969 2959 1061 3016 nocte
1084 2972 1192 3017 omnes
1286 3025 1287 3028 Ἴ

127 3072 128 3075 ’
163 3057 298 3136 hermae,
323 3056 432 3137 quiin
455 3055 570 3139 oppido
593 3062 691 3136 erant,
720 3054 917 3120 deicerentur
939 3055 1064 3139 praeter
1085 3077 1192 3138 unum,

163 3161 215 3242 qui
241 3164 316 3224 ante
346 3159 473 3223 ianuam
497 3165 564 3223 crat
585 3159 742 3224 Andocidi
769 3165 864 3242 atque
890 3165 1001 3244 postea
1022 3160 1192 3225 Mercurius

162 3263 318 3328 Andocidi
349 3263 504 3328 vocitatus
537 3269 593 3328 cst.
639 3264 707 3328 Hoc
739 3283 810 3329 cum
838 3269 1006 3348 appareret
1032 3285 1096 3329 non
1123 3264 1225 3333 sines

162 3387 278 3450 magna
300 3367 467 3431 multorum
483 3367 688 3432 consensione
704 3386 774 3432 esse
796 3366 924 3448 facturn,
948 3387 1050 3449 neque
1066 3367 1128 3430 iam
1151 3366 1192 3430 ad

162 3470 324 3534 libidinem
340 3470 507 3554 privatam,
531 3469 588 3534 sed
607 3469 649 3534 ad
670 3471 828 3554 publicam
851 3490 917 3534 rem
939 3470 1106 3554 pertinere,
1130 3491 1191 3534 ma-

162 3593 243 3656 gnus
258 3573 451 3638 multitudini
465 3573 557 3637 timor
573 3578 621 3638 est
641 3573 784 3655 iniectus,
808 3594 848 3638 ne
872 3593 935 3656 qua
955 3574 1121 3656 repentina
1142 3573 1191 3638 vis

162 3677 195 3742 in
218 3677 345 3743 civitate
368 3677 544 3758 exsisteret,
568 3697 648 3760 quae
670 3679 847 3742 hbertatem
870 3677 1059 3762 opprimeret
1073 3677 1189 3760 populi.

162 3781 230 3845 Hoc
256 3779 395 3844 maxime
422 3779 590 3846 convenire
619 3781 653 3844 in
675 3779 870 3845 Alcibiadem
901 3778 1076 3860 videbatur,
1107 3776 1224 3859 qu0d4
