2954 4188
286 201 327 264 26
599 214 664 271 VII.
683 213 919 269 ALCIBIADES.
938 216 963 270 5.
976 217 1000 270 6.

286 388 492 469 terrestribus,
515 388 615 454 tribus
635 387 811 468 navalibus,
834 387 947 469 quibus
970 385 1121 452 ducentas
1142 406 1241 454 naves
1262 387 1314 452 tri-

177 552 179 558 .
285 513 387 558 remes
415 492 595 572 amiserant,
625 510 706 572 quae
733 495 844 574 captae
870 489 905 555 in
929 489 1067 555 hostium
1087 495 1241 555 venerant
1261 510 1313 574 po-

252 608 267 656 s
287 602 440 661 testatem.
470 594 652 660 Alcibiades
671 594 763 660 simul
778 614 848 659 cum
865 594 992 678 collegis
1006 600 1169 680 receperat
1182 595 1312 677 Ioniam,

285 700 531 784 Hellespontum,
559 699 675 764 multas
697 702 861 783 praeterea
882 699 977 764 urbes
1000 698 1146 780 Graecas,
1174 718 1254 780 quae
1279 699 1312 762 in

284 823 338 868 ora
360 804 439 869 sitae
461 809 535 868 sunt
549 802 712 883 Thraciae,
740 822 871 883 quarum
891 808 1111 886 expugnarant
1130 803 1312 887 complures,

283 907 317 972 in
339 907 389 973 his
410 907 610 990 Byzantium,
636 925 740 988 neque
761 905 866 970 minus
888 906 1002 970 mrdtas
1025 905 1154 970 consilio
1176 905 1218 970 ad
1239 905 1313 970 ami-

285 1010 390 1075 citiam
409 1009 629 1092 adiunxerant,
653 1008 737 1092 quod
751 1009 784 1073 in
800 1015 909 1092 captos
926 1009 1094 1074 clementia
1112 1008 1236 1074 fuerant
1253 1009 1311 1076 usi.

252 1115 334 1177 ulta
360 1113 478 1198 praeda
504 1112 617 1193 onusti,
647 1112 835 1197 locupletato
862 1112 1011 1193 exercitu,
1042 1113 1189 1178 maximis
1218 1113 1312 1178 rebus

131 1238 233 1279 rosam.
250 1223 267 1276 o
286 1217 384 1301 gestis
406 1216 547 1281 Athenas
570 1221 733 1281 venerunt.
777 1213 833 1281 Eis
859 1235 930 1280 cum
956 1216 1081 1280 obviam
1104 1217 1253 1286 universa
1274 1217 1313 1282 ci·

285 1321 367 1385 vitas
395 1320 429 1385 iu
457 1321 602 1385 Piraeum
633 1307 858 1401 descendisset,
887 1324 976 1383 tanta
1004 1319 1064 1383 luit
1092 1320 1231 1401 omnium
1261 1340 1313 1385 ex-

286 1425 437 1508 spectatio
459 1422 583 1489 visendi
604 1422 786 1504 Alcibiadis,
813 1428 849 1487 ut
874 1421 916 1486 ad
943 1423 1010 1489 eius
1035 1423 1129 1488 unius
1155 1424 1312 1489 triremem

252 1528 399 1610 evulges
425 1526 604 1608 conflueret,
631 1525 763 1610 proinde
788 1545 826 1590 ac
855 1525 883 1591 si
908 1526 996 1591 solus
1024 1526 1215 1593 advenisset.
1261 1528 1312 1593 Sic

286 1631 369 1695 enim
390 1630 505 1716 populo
532 1636 599 1694 erat
627 1649 809 1714 persuasum
839 1635 872 1694 et
899 1629 1050 1696 adversas
1080 1631 1253 1716 supen‘ores
1281 1639 1312 1697 et

285 1741 466 1819 praesentes
484 1732 643 1798 secundas
665 1752 715 1798 res
737 1733 890 1799 accidisse
912 1733 980 1799 eius
1002 1754 1105 1818 opera.
1149 1736 1258 1817 ltaque
1280 1742 1312 1801 et

286 1838 457 1902 exercitum
479 1838 511 1902 in
531 1837 639 1904 Sicilia
659 1838 810 1902 amissum
833 1844 864 1902 et
878 1837 1197 1904 Lacedaemoniorum
1218 1839 1312 1905 victo

285 1943 346 2007 rias
362 1943 472 2026 culpae
488 1959 564 2006 suae
583 1941 773 2022 tribuebant,
797 1940 881 2023 quod
903 1942 998 2006 talem
1020 1942 1122 2007 virum
1145 1962 1162 2006 e
1185 1943 1311 2009 civitate

285 2045 488 2128 expulissent.
533 2045 645 2126 Neque
670 2043 704 2108 id
731 2043 799 2108 sine
826 2064 922 2109 causa
947 2045 1091 2110 arbitrari
1112 2045 1309 2112 videbantur.

284 2150 366 2212 Nam
388 2152 553 2232 postquam
574 2146 726 2211 exercitui
748 2165 894 2230 praeesse
916 2154 1071 2232 coeperat,
1099 2168 1202 2231 neque
1229 2156 1311 2216 terra

250 2267 387 2333 sueque
415 2249 495 2314 mari
522 2249 629 2314 hostes
658 2268 750 2333 pares
780 2269 849 2315 esse
874 2255 1050 2334 potuerant.
1094 2251 1206 2333 Itaque
1232 2260 1311 2320 ute

283 2354 358 2418 navi
380 2372 525 2438 egressus
547 2358 604 2433 est,
627 2365 816 2435 quamquam
837 2353 1054 2438 Thrasybrdus
1076 2360 1109 2420 et
1125 2355 1311 2441 Thrasyllus

284 2456 403 2522 eisdem
424 2456 518 2522 rebus
540 2455 742 2540 praefuerant
763 2455 917 2539 simulque
935 2463 1089 2522 venerant
1107 2458 1139 2524 in
1154 2459 1309 2542 Piraeum,

283 2566 389 2625 tamen
418 2580 515 2625 unum
542 2579 650 2624 omnes
680 2559 767 2624 illum
796 2561 1065 2644 prosequebantur
1094 2567 1135 2644 et,
1164 2561 1198 2626 id
1227 2563 1310 2645 quod

283 2684 453 2745 numquam
479 2669 574 2727 antea
602 2682 660 2727 usu
689 2669 821 2728 venerat
849 2663 911 2727 nisi
933 2663 1100 2748 Olympiae
1129 2665 1308 2749 victoribus,

284 2767 406 2832 coronis
428 2767 541 2832 laureis
563 2766 739 2848 taeniisque
760 2767 856 2850 vulgo
879 2766 1047 2846 donabant.
1085 2768 1129 2832 At
1150 2769 1202 2833 ille
1223 2770 1309 2835 lacri-

283 2889 373 2936 mans
403 2875 523 2934 tantam
552 2870 805 2935 benevolentiam
832 2870 946 2934 civium
977 2891 1102 2936 suorum
1119 2873 1308 2957 accipiebat,

249 2990 264 3037 4
284 2973 485 3038 reminiscens
507 2973 631 3056 pristini
652 2973 802 3057 temporis
823 2974 1036 3039 acerbitatem.
1079 2974 1250 3057 Postquam
1275 2978 1307 3042 in

282 3076 391 3140 urbem
406 3076 503 3156 venit,
527 3076 670 3140 contione
691 3075 846 3141 advocata
867 3076 913 3141 sic
933 3077 1032 3141 verba
1053 3076 1138 3159 fecit,
1161 3086 1194 3144 ut
1216 3101 1308 3146 nemo

282 3181 448 3244 temlerus
464 3186 556 3260 esset,
580 3179 655 3261 quin
677 3179 744 3245 eius
760 3179 846 3245 casui
864 3179 1064 3245 illacrimaret
1085 3181 1308 3266 inimicumque

283 3283 329 3349 eis
358 3302 392 3348 se
421 3282 614 3364 ostenderet,
645 3303 775 3365 quorum
804 3303 900 3368 opera
928 3285 1031 3368 patria
1060 3285 1168 3368 pulsus
1197 3286 1307 3370 fuerat,

282 3385 414 3471 proinde
436 3406 473 3451 ac
495 3387 522 3451 si
545 3387 624 3450 alius
639 3387 783 3471 populus,
805 3407 869 3451 non
884 3387 937 3451 ille
951 3387 1029 3472 ipse,
1053 3388 1106 3470 qui
1121 3394 1187 3454 tum
1201 3390 1307 3474 flebat,

248 3509 354 3564 scum
377 3489 533 3573 sacrilegii
555 3489 745 3556 damnasset.
775 3491 932 3555 Restituta
955 3511 1029 3575 ergo
1052 3492 1082 3556 ei
1097 3500 1168 3558 sunt
1182 3495 1308 3578 pubhoe

281 3595 365 3663 bona
389 3594 548 3677 iidemque
573 3594 618 3658 illi
639 3593 846 3679 Eumolpidae
872 3594 1061 3677 sacerdotes,
1088 3596 1235 3677 quicum
1258 3597 1308 3663 de·

281 3706 442 3782 voverant,
471 3719 577 3766 rursus
599 3718 757 3765 resacrare
785 3705 859 3764 sunt
881 3699 980 3764 coacti
994 3691 1146 3783 ⁴pilaeque
1165 3699 1247 3784 illae,
1273 3701 1307 3768 in

282 3801 395 3886 quibus
418 3801 543 3868 devotio
564 3802 667 3866 lucrat
687 3800 847 3884 inscripta,
869 3800 902 3865 in
925 3821 1011 3868 mare
1033 3801 1266 3888 praecipitatae.
1330 3892 1332 3896 .
