2934 4192
243 163 321 218 xvr.
339 164 552 219 Panormns
572 169 596 221 a.
615 168 639 221 4.
654 169 677 221 5.
705 166 1038 224 xv11.AonsrnAus
1060 173 1083 226 r.
1152 155 1194 220 63

155 339 359 425 occupandae
392 339 507 423 partim
536 338 732 421 occiderunt,
765 340 880 424 partim
910 341 943 405 in
974 342 1104 408 exilium
1133 344 1193 409 eie·

155 451 274 510 cerunt.
967 505 968 510 .

258 547 327 613 Hoc
355 552 420 611 tam
451 545 576 613 turbido
605 553 757 630 tempore,
787 546 868 613 sicut
897 567 994 632 supra
1019 547 1230 632 docuimust

38 731 42 736 Ι
154 649 401 735 Epaminondas,
432 647 536 731 quoad
563 669 633 715 cum
661 648 784 716 civibus
810 649 993 717 dimicatum
1020 658 1078 734 est,
1108 650 1194 718 domi

156 754 280 836 quietus
302 753 371 819 fuit.
402 754 514 834 Itaque
536 752 617 818 haec
638 752 842 817 liberatarum
864 753 1046 820 Thebarum
1067 755 1195 840 propria

138 889 139 892 ¹
154 859 223 923 laus
231 863 280 923 est
286 855 471 941 Pelopidae,
483 861 608 922 ceterae
615 855 683 921 fere
692 874 874 922 communes
882 877 953 922 oum
961 857 1191 942 Epaminonda.

154 963 300 1044 Namque
337 960 371 1025 in
404 959 571 1025 Leuctrica
607 979 716 1044 pugna
749 960 937 1045 imperatore
973 962 1228 1046 Epaminondae

155 1065 221 1132 dux
247 1065 309 1130 fuit
334 1062 476 1129 delectae
505 1082 634 1145 manus,
664 1083 746 1146 quae
774 1063 878 1147 prima
906 1063 1099 1149 phalangem
1127 1085 1194 1150 pro·

154 1168 267 1236 stravit
280 1168 452 1234 Laconum.
484 1166 640 1233 Omnibus
658 1173 824 1250 praeterea
837 1167 987 1253 periculis
1001 1168 1085 1234 illius
1103 1169 1194 1234 affuit
1212 1188 1227 1236 a

155 1271 259 1360 (sicut,
286 1271 433 1355 Spartam
459 1290 531 1336 cum
553 1270 761 1355 oppugnavit,
791 1271 926 1336 alterum
947 1272 1051 1336 tenuit
1073 1274 1193 1358 comu),

154 1394 279 1459 quoque
300 1374 447 1440 Messena
469 1373 601 1440 celerius
623 1374 849 1456 restitueretur,
876 1375 1000 1459 legatus
1024 1375 1059 1440 in
1080 1377 1194 1442 Persas

155 1486 203 1545 est
223 1478 392 1564 profectus.
428 1476 576 1560 Denique
602 1476 682 1542 haec
703 1475 763 1543 fuit
784 1478 886 1543 altera
906 1497 1043 1562 persona
1064 1478 1193 1561 Thebis,

154 1582 212 1649 sed
234 1589 341 1648 tamen
363 1579 504 1650 secunda
524 1581 580 1663 ita,
607 1587 642 1646 ut
667 1581 815 1666 proxima
836 1587 921 1648 esset
942 1581 1191 1666 Epaminondae.

259 1683 463 1753 Conflictatus
485 1690 593 1750 antem
613 1691 661 1750 est
681 1684 776 1749 etiam
792 1683 928 1750 adversa
942 1684 1077 1750 fortuna.
1109 1686 1193 1752 Nam
1211 1699 1229 1754 5

155 1796 187 1857 et
214 1787 313 1870 initio,
344 1788 425 1854 sicut
453 1787 659 1870 ostendimus,
690 1788 765 1856 exul
793 1788 897 1873 patria
924 1788 1033 1870 caruit,
1064 1793 1193 1855 etcum

154 1893 352 1959 Thessaliam
373 1892 406 1956 in
433 1896 622 1976 potestatem
644 1890 867 1957 Thebanorum
894 1897 1023 1976 cuperet
1048 1890 1193 1976 redigere

154 1995 384 2082 legationisque
405 1995 473 2060 iure
495 1995 572 2061 satis
593 2001 710 2060 tectum
729 2014 764 2060 se
784 1996 998 2077 arbitraretur,
1021 2003 1192 2079 atyranno

154 2097 337 2168 Alexandro
358 2098 499 2164 Pheraeo
522 2098 615 2164 simul
637 2118 709 2164 oum
732 2098 871 2164 Ismenia
893 2099 1136 2185 comprehensus
1158 2099 1191 2165 in
1244 2126 1341 2169 casos

155 2205 261 2270 vincla
283 2201 444 2269 coniectus
465 2209 521 2268 est.
551 2201 790 2287 Epaminondas
810 2221 864 2268 ecs
879 2203 1088 2287 recuperavit,
1111 2204 1227 2270 bellos

154 2326 348 2394 persequens
370 2305 596 2372 Alexandrum.
641 2307 717 2372 Post
738 2305 771 2370 id
794 2305 914 2371 factum
935 2327 1107 2390 numquam
1129 2306 1195 2372 ani-

154 2431 205 2477 mo
228 2410 347 2496 placari
365 2409 468 2494 potuit
482 2408 651 2494 Pelopidas
670 2409 705 2473 in
728 2429 810 2492 eum,
833 2430 854 2474 a
876 2429 938 2492 quo
961 2410 1193 2476 sanctissimum

154 2516 203 2581 ius
234 2521 301 2580 erat
330 2513 492 2578 violatum.
537 2514 650 2594 Itaque
680 2512 838 2597 persuasit
859 2511 1032 2594 Thebanis,
1062 2518 1097 2577 ut
1124 2513 1194 2579 sub·

154 2618 235 2687 sidio
250 2617 434 2708 Thessaliae
456 2615 728 2700 proficiscerentur
749 2621 965 2700 tyrannosque
988 2616 1192 2700 expellerent.

156 2722 251 2791 (luins
273 2720 348 2787 belli
370 2740 442 2786 cnm
465 2719 495 2785 ei
517 2739 642 2785 summa
664 2725 749 2784 esset
770 2717 878 2784 delata
897 2738 998 2802 coque
1018 2739 1090 2785 cum
1105 2738 1226 2790 exer-a

155 2827 220 2892 citu
241 2825 400 2910 profectus
428 2829 521 2905 esset,
551 2843 615 2888 non
643 2820 811 2904 dubitarit,
843 2823 1002 2888 simulac
1028 2825 1195 2908 conspexit

154 2929 287 3010 hostem,
317 2927 386 2995 acie
408 2926 588 3012 confligere.
633 2927 672 2991 In
695 2946 757 3008 qno
779 2926 897 3010 proelio
920 2925 1137 2992 Alexandrum
1159 2933 1228 2998 ut4

154 3029 393 3113 animadvertit,
426 3032 576 3098 incensus
608 3030 657 3096 tra
691 3050 806 3113 equum
839 3031 874 3095 in
907 3049 980 3095 eum
1014 3030 1193 3111 concitavit,

154 3136 325 3222 proculque
351 3134 511 3219 digressus
537 3155 559 3201 a
588 3134 662 3216 suis,
694 3133 839 3200 coniectu
868 3133 1001 3198 telorum
1030 3131 1195 3199 confossus

155 3237 301 3305 concidit.
333 3237 438 3321 Atque
460 3237 521 3304 hoe
543 3236 683 3306 secunda
705 3237 838 3303 victoria
859 3235 989 3321 accidit3
1012 3256 1087 3302 nam
1108 3236 1195 3303 incli-
1239 3229 1348 3310 'sa-,on

154 3350 250 3411 natae
276 3343 340 3408 ianr
368 3347 458 3408 erant
484 3348 693 3426 tyrannorum
720 3340 840 3425 copiae.
887 3338 956 3416 Quo
978 3340 1064 3406 facto
1085 3359 1229 3410 omness

128 3506 133 3518 .
154 3447 340 3512 Thessaliae
363 3444 509 3512 civitates
528 3445 730 3511 interfectum
744 3443 929 3528 Pelopidam
949 3442 1072 3509 coronis
1091 3443 1195 3510 aureis

155 3555 188 3617 et
209 3551 323 3616 taeniis
345 3550 525 3632 liberosque
548 3549 616 3615 eius
638 3549 736 3614 multo
759 3567 835 3632 agro
859 3546 1024 3613 donarunt.
1191 3615 1193 3620 ,

258 3653 362 3719 XVII.
386 3651 850 3719 Aonsmnnshacedaemonius
862 3649 1088 3717 cumaceteris
1100 3649 1227 3734 scrip-1

153 3757 276 3822 toribus
304 3762 371 3820 tum
397 3776 419 3821 a
438 3754 652 3839 Xenophonte
674 3753 834 3821 Socratico
861 3752 978 3822 eximie
1001 3751 1195 3817 collaudatus

1356 3929 1454 4142 I
