2890 4196
142 133 149 140 ’
238 152 279 214 72
561 169 667 222 xvrn.
685 169 864 224 nonanes.
883 173 907 224 4.
921 175 944 226 5.

203 349 270 406 let
301 342 431 406 simulac
460 342 570 425 potuit,
601 341 643 404 ad
665 343 865 425 Antipatrum
888 363 922 409 se
946 346 1072 428 recepit.
1110 345 1269 408 Eumenes

239 448 401 512 Craterum
432 465 472 510 ex
502 445 570 509 acie
600 446 787 509 semivivum
818 448 934 511 elatum
964 468 1105 512 recreare
1136 447 1267 528 studuit;

217 569 220 576 ’
238 571 309 615 eum
324 549 357 613 id
372 567 435 613 non
451 555 566 632 posset,
589 568 645 632 pro
660 547 795 613 hominis
819 550 973 632 dignitate
994 570 1113 635 proque
1136 550 1269 633 pristina

237 653 377 719 amicitia
403 651 553 738 (namque
578 652 631 716 illo
653 671 728 717 usus
751 658 818 717 erat
839 652 1021 719 Alexandro
1044 655 1116 718 vivo
1139 653 1269 718 familia-

237 755 325 843 riter)
347 755 452 838 amplo
474 754 584 818 funere
608 755 719 818 extulit
742 775 875 838 ossaque
890 757 922 820 in
939 756 1156 821 Macedoniam
1179 756 1267 820 uxori

239 861 306 926 eius
328 879 366 925 ae
390 859 496 923 liberis
518 858 646 923 remisit.

202 965 222 1017 ὃ
343 963 431 1026 Haec
453 961 528 1026 dum
551 960 634 1044 apud
657 961 896 1044 Hellespontum
918 968 1078 1046 geruntur,
1102 961 1270 1026 Perdiccas

238 1064 323 1150 apud
350 1066 458 1130 Nilum
484 1063 601 1131 flumen
632 1063 817 1128 interficitur
843 1085 862 1128 a
885 1065 1016 1131 Seleuco
1043 1071 1074 1129 et
1100 1065 1270 1148 Antigene,

238 1189 405 1250 rerumque
437 1187 558 1232 summa
589 1167 630 1232 ad
661 1168 863 1250 Antipatrum
896 1167 1045 1232 defertur.
1091 1169 1183 1232 lllum
1217 1169 1269 1249 qui

238 1293 301 1337 non
325 1271 537 1352 deseruerant,
566 1271 707 1336 exercitu
734 1271 917 1356 suffragium
940 1272 1061 1336 ferente
1085 1272 1196 1354 capitis
1218 1271 1270 1335 ab·

239 1383 345 1440 sentes
372 1373 571 1455 damnantur,
598 1375 632 1438 in
660 1375 706 1438 eis
727 1375 896 1439 Eumenes.
942 1376 1011 1438 Hac
1032 1375 1085 1439 ille
1107 1375 1270 1456 perculsus

238 1481 333 1563 plaga
342 1489 406 1542 non
418 1478 582 1543 succubuit
592 1498 696 1559 neque
708 1498 745 1542 eo
757 1479 884 1562 segnius
897 1479 1013 1542 bellum
1027 1477 1268 1544 administravit.

239 1581 302 1646 Sed
325 1580 425 1646 exiles
447 1600 497 1645 res
520 1581 616 1644 animi
639 1580 889 1663 magnitudinem
913 1581 972 1646 etsi
990 1601 1053 1644 non
1069 1580 1269 1664 frangebant,

204 1695 220 1742 2
239 1693 344 1750 tamen
367 1684 451 1748 vires
465 1684 658 1749 minuebant.
683 1684 766 1747 Nam
781 1703 973 1766 persequens
988 1683 1175 1766 Antigonus,
1199 1702 1269 1746 cum

239 1788 324 1852 omni
356 1807 473 1869 genere
504 1787 663 1870 copiarum
694 1785 883 1866 abundaret,
916 1805 1012 1869 saepe
1042 1787 1075 1850 in
1105 1786 1271 1851 itineribus

238 1892 424 1971 vexabatur,
456 1909 558 1971 neque
590 1909 738 1971 umquam
766 1889 808 1952 ad
830 1910 958 1953 manum
981 1889 1132 1954 accedere
1155 1889 1272 1953 licebat

205 2005 221 2051 3
240 1994 301 2060 nisi
324 1995 369 2058 eis
391 1992 476 2073 locis,
501 1993 614 2074 quibus
636 1991 729 2076 pauci
751 1992 858 2058 multis
873 1999 1002 2076 possent
1016 1992 1171 2057 resistere.
1206 1991 1271 2058 Sed

240 2104 380 2162 extremo
407 2103 556 2178 tempore,
585 2115 654 2160 cum
683 2095 810 2160 consilio
839 2095 910 2180 capi
936 2116 999 2160 non
1026 2102 1143 2179 posset,
1170 2095 1271 2159 multi-

239 2199 349 2264 tudine
383 2199 613 2263 circumventus
647 2204 702 2262 est.
749 2198 831 2261 Hinc
864 2204 971 2263 tamen
1005 2198 1112 2263 multis
1144 2217 1271 2262 suorum

239 2303 363 2368 amissis
386 2322 420 2366 se
443 2300 605 2384 expedivit
621 2301 700 2365 etin
716 2302 879 2365 castellum
895 2301 1063 2384 Phrygiae,
1087 2300 1171 2383 quod
1185 2301 1273 2364 Nora

81 2422 185 2465 ruach.
205 2417 220 2463 4
239 2406 424 2490 appellatur,
460 2403 609 2487 confugit.
655 2405 692 2467 In
727 2423 787 2485 quo
821 2425 891 2468 oum
925 2403 1202 2468 circumsederetur
1239 2407 1272 2467 et

239 2512 475 2588 vereretur,ne
497 2526 559 2571 uno
582 2507 649 2571 loco
669 2526 801 2571 manens
824 2526 920 2588 equos
943 2507 1094 2571 militares
1116 2505 1272 2590 perderet,

240 2612 322 2695 quod
346 2611 482 2694 spatium
505 2629 568 2673 non
591 2615 675 2673 esset
697 2608 850 2692 agitandi,
882 2609 1028 2673 callidum
1055 2609 1115 2673 fuit
1137 2609 1204 2674 eius
1227 2609 1272 2672 in-

240 2723 378 2795 ventum,
413 2733 506 2794 quem
536 2711 577 2776 ad
606 2711 733 2777 modum
763 2719 851 2778 stans
884 2713 1059 2778 iumentum
1094 2712 1272 2778 concalfieri

241 2817 442 2897 exercerique
471 2822 588 2898 posset,
620 2835 681 2896 quo
710 2815 859 2881 libentius
886 2822 918 2880 et
944 2816 1014 2881 cibo
1036 2822 1175 2882 uteretur
1198 2822 1228 2880 et
1250 2835 1273 2878 a

206 2928 222 2975 b
242 2919 376 3003 eorporis
398 2923 484 2982 motu
507 2937 569 2982 non
586 2926 805 2983 removeretur.
840 2919 1082 3002 Substringebat
1098 2927 1192 3002 caput
1206 2919 1273 2984 loro

240 3024 341 3103 altius,
373 3042 465 3104 quam
496 3029 530 3086 ut
559 3022 714 3104 prioribus
742 3022 876 3106 pedibus
903 3024 997 3106 plane
1024 3030 1139 3086 terram
1166 3029 1273 3106 posset

240 3127 410 3208 attingere,
444 3123 559 3189 deinde
581 3131 653 3208 post
675 3125 859 3191 verberibus
890 3128 1024 3210 cogebat
1054 3126 1212 3190 exsultare
1239 3132 1272 3188 et

241 3231 342 3293 calces
364 3227 530 3292 remittere.
578 3226 639 3303 Qui
665 3234 768 3292 motus
795 3248 859 3292 non
886 3229 990 3294 minus
1013 3228 1157 3293 sudorem
1180 3247 1272 3293 excu-

207 3333 349 3412 ntiebat,
382 3351 474 3412 quam
502 3330 529 3394 si
555 3330 588 3394 in
616 3330 717 3414 spatio
744 3331 930 3397 decurreret.
976 3331 1045 3409 Quo
1071 3331 1270 3411 factumest,

242 3435 324 3520 qnod
351 3435 496 3500 omnibus
522 3435 665 3501 mirabile
693 3441 741 3501 est
768 3437 881 3517 visum,
912 3445 947 3500 ut
973 3456 1075 3518 aeque
1101 3435 1202 3500 nitida
1227 3435 1271 3500 iu-

241 3547 347 3606 menta
375 3559 414 3602 cx
444 3539 570 3602 rastello
598 3539 753 3620 educeret,
787 3559 857 3604 cum
885 3541 1060 3624 complures
1087 3559 1211 3604 menses
1237 3539 1270 3603 in

241 3643 405 3707 obsidione
420 3641 541 3722 fnisset,
565 3662 603 3706 ac
620 3642 694 3707 siin
711 3643 939 3726 campestribus
955 3663 993 3706 ea
1007 3643 1084 3708 loeis
1099 3643 1269 3706 habuisset.

208 3760 221 3804 r
241 3749 276 3809 ln
301 3746 360 3809 bac
384 3745 591 3825 conclusione,
621 3745 875 3827 quotiescumque
898 3746 1006 3826 voluit,
1032 3751 1217 3830 apparatum
1241 3753 1272 3810 ct
