2934 4192
454 197 529 253 XIV.
549 198 738 253 DATAMES.
759 204 783 255 3.
802 203 826 254 4.
840 206 865 256 5.
1136 187 1178 252 49

143 377 311 439 Datamem
335 371 484 437 donatum
506 370 548 436 ad
571 372 743 436 exercitum
766 372 859 453 misit,
891 374 944 455 qui
971 382 1037 438 tum
1060 383 1180 440 contra-
1232 406 1343 449 abaci.

144 479 277 543 bebatur
292 475 371 540 duce
385 475 590 556 Pharnabazo
612 481 642 538 et
657 475 837 541 Tithrauste
856 475 898 540 ad
920 478 1038 542 bellum
1053 480 1180 564 Aegyp-

142 583 231 660 tium,
254 579 384 664 parique
408 598 479 641 eum
499 585 595 660 atque
614 578 683 642 illos
702 579 833 662 imperio
850 600 919 645 esse
934 581 1033 646 iussit.
1064 584 1179 648 Postea

142 705 217 750 vero
245 703 340 766 quam
362 681 601 745 Pharnabazum
628 702 684 745 rex
712 684 881 764 revocavit,
909 684 953 747 illi
980 705 1103 750 summa
1125 687 1179 750 im·

142 777 222 872 perii
245 785 360 850 tradita
384 792 440 850 est.

247 888 311 954 Sed
323 909 391 953 cum
405 888 543 952 maximo
552 887 655 953 studio
664 896 859 972 compararet
871 891 1044 956 exercitum
1052 893 1178 977 Aegyp·
1196 905 1215 958 4

143 1005 272 1076 tumque
301 991 456 1076 proficisci
486 999 621 1075 pararet,
656 992 758 1056 subito
789 1013 809 1056 a
842 1013 916 1076 rege
950 995 1072 1059 litterae
1105 1004 1182 1061 sunt

143 1103 230 1163 Acen
262 1097 391 1175 missae,
426 1101 460 1159 ut
489 1095 600 1178 Aspim
634 1095 873 1178 aggrederetur,
908 1098 961 1178 qui
995 1099 1177 1163 Cataoniam

142 1201 285 1283 tenebat3
310 1219 391 1281 quae
413 1217 493 1282 gens
515 1198 598 1262 iacet
620 1217 715 1282 supra
735 1198 886 1281 Ciliciam,
911 1201 1042 1266 confinis
1059 1202 1179 1286 Cappa-

141 1305 262 1380 dociae.
307 1304 455 1384 Namque
477 1301 580 1385 Aspis,
605 1302 773 1366 saltuosam
796 1304 956 1386 regionem
981 1305 1213 1387 castellisquea

142 1407 296 1472 munitam
318 1405 467 1484 incolens,
490 1425 553 1468 non
577 1405 675 1469 solum
697 1406 829 1488 imperio
849 1408 933 1490 regis
953 1429 1015 1471 nou
1036 1410 1177 1492 parebat,

142 1511 200 1577 sed
223 1510 318 1574 etiam
340 1507 491 1572 finitimas
513 1509 659 1590 regiones
682 1509 821 1573 vexabat
849 1517 889 1590 et,
918 1530 999 1592 quae
1021 1512 1089 1593 regi
1111 1532 1179 1595 por·

141 1620 293 1694 tarentur,
317 1612 502 1696 abripiebat.
548 1612 708 1692 Datames,
737 1613 795 1676 etsi
818 1613 911 1696 longe
933 1615 1043 1678 aberat
1065 1614 1105 1678 ab
1129 1615 1213 1680 hiso

142 1717 325 1800 regionibus
355 1722 386 1778 et
415 1735 435 1778 a
467 1714 584 1778 maiore
614 1734 648 1778 re
677 1715 927 1796 abstrahebatur,
958 1722 1063 1780 tamen
1095 1719 1179 1800 regis

143 1820 298 1885 voluntati
320 1838 438 1882 morem
461 1817 634 1900 gerendum
657 1818 788 1901 putavit.
832 1820 943 1899 Itaque
965 1839 1036 1882 cum
1058 1821 1187 1904 paucis,

141 1924 201 1990 sed
222 1924 298 1987 viris
321 1922 453 1986 fortibus
475 1941 590 1984 navem
613 1919 805 2001 conscendit,
829 1923 1024 2002 existimans,
1047 1921 1080 1986 id
1096 1922 1179 2004 quod

141 2027 267 2107 accidit,
298 2024 422 2090 facilius
450 2045 483 2089 se
513 2023 745 2108 imprudentem
773 2045 872 2107 parva
899 2046 994 2089 manu
1017 2045 1179 2109 oppressu-

141 2153 212 2196 rum
239 2150 333 2213 quam
360 2135 504 2212 paratum
531 2128 675 2209 quamvis
702 2147 817 2210 magno
845 2129 984 2193 exercitu
1012 2129 1177 2193 victurum.
1276 2117 1288 2132 “

142 2236 233 2300 Clam
253 2233 378 2297 delatus
401 2232 433 2296 in
458 2231 610 2312 Ciliciam,
638 2251 783 2314 egressus
805 2230 890 2313 inde,
919 2231 986 2297 dies
1009 2239 1214 2315 noctesqueo

143 2341 203 2404 iter
225 2337 347 2402 faciens
362 2337 499 2399 Taurum
522 2335 645 2399 transiit
668 2355 777 2416 eoque,
802 2355 862 2417 quo
887 2336 1057 2416 studuerat,
1082 2336 1178 2400 venit.

141 2441 283 2520 Quaerit,
315 2440 429 2521 quibus
459 2439 535 2502 locis
566 2439 606 2502 sit
635 2439 745 2522 Aspis;
782 2439 941 2521 cognoscit
971 2438 1056 2502 haud
1088 2439 1181 2522 longe

141 2547 256 2611 abesse
278 2543 516 2627 profectumque
540 2561 610 2606 esse
632 2549 790 2605 venatum.
830 2540 919 2617 Quae
942 2541 1017 2604 dum
1041 2542 1181 2624 specula·

141 2656 203 2731 tur,
234 2647 390 2712 adventus
418 2646 485 2710 eius
512 2665 638 2709 causam
667 2645 828 2727 cognoscit
850 2643 944 2728 Aspis
972 2649 1003 2708 et
1031 2645 1180 2725 cumeis,

144 2773 222 2834 quos
245 2770 351 2816 secum
379 2748 528 2828 habebat,
561 2747 603 2811 ad
630 2746 839 2812 resistendum
862 2746 986 2811 Pisidas
1010 2755 1179 2831 comparat.

144 2855 183 2920 Id
205 2854 260 2919 ubi
282 2853 433 2917 Datames
456 2851 587 2932 audivit,
618 2871 706 2916 arma
733 2851 836 2930 sumit,
867 2871 939 2915 suos
966 2850 1054 2932 sequi
1076 2850 1215 2935 iubet;s

141 2960 214 3042 ipse
244 2976 324 3039 equo
355 2955 509 3020 concitato
538 2953 580 3018 ad
610 2954 733 3018 hostem
763 2952 896 3018 vehitur.
944 2952 1045 3029 Quem
1074 2955 1182 3037 procul

142 3062 240 3145 Aspis
272 3059 468 3142 conspiciens
495 3057 536 3121 ad
563 3077 597 3122 se
625 3057 795 3122 vehentem
822 3056 1014 3141 pertimescit
1040 3064 1135 3140 atque
1163 3078 1184 3122 a

144 3172 260 3229 conatu
271 3162 439 3228 resistendi
455 3161 622 3226 deterritus
638 3182 707 3226 sese
723 3160 852 3225 dedidit.
880 3162 1031 3224 Datames
1043 3161 1183 3225 vinctum

140 3267 187 3331 ml
209 3287 316 3351 regem
340 3264 518 3330 ducendum
541 3264 637 3329 tradit
659 3263 840 3328 Mithridati.

251 3372 338 3434 Haec
372 3369 448 3433 dum
481 3375 645 3453 geruntur,
679 3368 874 3431 Artaxerxes
908 3367 1125 3448 reminiscens,
1164 3379 1220 3431 ab

141 3482 264 3557 'quanto
294 3474 378 3540 bello
407 3472 450 3538 ad
481 3494 575 3554 quam
605 3492 736 3555 parvam
769 3491 835 3535 rem
865 3470 1040 3554 prinoipem
1070 3469 1186 3535 ducum

148 3578 296 3658 misisset,
327 3597 361 3642 se
388 3577 458 3660 ipse
486 3574 687 3659 reprehendit
714 3580 746 3639 et
772 3573 917 3638 nuntium
944 3572 985 3637 ad
1013 3574 1186 3638 exercitum

147 3685 237 3746 Acen
264 3680 359 3761 misit,
391 3678 474 3762 quod
497 3677 637 3742 nondum
658 3678 824 3741 Datamem
848 3676 1022 3760 proiectum
1044 3678 1185 3760 putabat,

142 3803 188 3848 ne
219 3785 259 3848 ab
291 3784 434 3849 exercitu
463 3780 648 3847 discederet.
695 3780 759 3846 Sed
785 3779 967 3862 priusquam
997 3779 1185 3864 perveniret,

199 3893 455 3944 Cornell‘ush'cpos.
480 3890 673 3933 lidhllloidnor.
995 3887 1012 3931 4
