2934 4192
291 197 334 262 42
431 214 483 267 XI.
501 213 738 268 IPHICRATES.
756 215 782 269 2.
801 216 826 268 3.
854 213 921 268 XII.
939 212 1146 266 CHABRIAS.
1165 216 1188 268 1.

292 389 506 469 consisterent,
529 393 565 451 ut
584 387 699 470 singuli
719 388 759 450 ab
775 385 966 470 peritissimo
980 387 1169 470 imperatore
1183 385 1332 468 dispositi

131 522 238 565 mres,
256 510 273 558 a
291 491 481 556 viderentur.
519 492 589 556 Hoc
604 490 746 554 exercitu
760 509 880 553 moram
895 489 1218 555 Lacedaemoniorum
1233 490 1332 552 inter·
1450 551 1451 576 ,

256 593 381 678 sfecit;
413 593 498 676 quod
524 595 664 658 maxime
685 599 753 657 tota
774 594 967 658 celebratum
989 599 1038 658 est
1059 593 1201 658 Graecia.
1248 592 1331 658 Cum

132 686 240 776 ³1⁷3?
291 699 488 762 Artaxerxes
509 697 670 780 Aegyptio
691 696 760 780 regi
781 697 899 762 bellum
920 696 1038 760 inferre
1059 697 1165 776 vellet,
1190 695 1331 780 Iphicra-

292 809 357 865 tem
385 802 428 866 ah
454 801 703 866 Atheniensibus
729 799 843 865 ducem
868 801 992 885 petivit,
1023 820 1117 882 quem
1143 799 1331 884 praeficeret

291 904 443 969 exercitui
477 903 684 984 conducticio,
722 904 812 968 cuius
844 922 993 967 numerus
1025 927 1071 966 xn
1103 904 1225 967 milium
1256 901 1328 966 fuit.

291 1007 393 1084 Quem
419 1007 548 1091 quidem
575 1007 622 1072 sic
643 1007 729 1072 omni
756 1006 925 1090 disciplina
949 1006 1078 1070 militari
1107 1005 1253 1086 crudivit,
1282 1012 1329 1086 ut,

292 1109 556 1194 quemadmodum
593 1109 753 1193 quondam
790 1109 924 1174 Mariani
958 1110 1075 1175 milites
1110 1111 1245 1190 Romae,
1282 1108 1331 1174 sic

292 1213 525 1297 Iphicratenses
560 1213 646 1299 apud
679 1213 817 1278 Graecos
852 1213 886 1276 in
922 1233 1046 1278 summa
1080 1213 1175 1277 laude
1212 1219 1329 1278 essent.

257 1319 382 1384 oldem
419 1316 560 1382 subsidio
596 1316 857 1382 Lacedaemoniis
894 1316 1053 1399 profectus
1089 1314 1332 1400 Epaminondae

132 1452 238 1495 saecu
291 1420 465 1486 retardavit
492 1422 638 1505 impetus.
683 1421 767 1484 Nam
795 1419 858 1485 nisi
885 1419 953 1485 eius
977 1419 1135 1484 adventus
1162 1419 1332 1505 appropin-

293 1531 430 1607 quasset,
460 1545 526 1590 non
553 1525 640 1608 prius
661 1523 807 1588 Thebani
829 1524 943 1606 Sparta
964 1524 1204 1603 abscessissent,
1234 1542 1332 1604 quam

293 1633 419 1712 captam
439 1626 588 1693 incendio
609 1626 776 1692 delessent.

257 1747 277 1795 3
397 1731 472 1795 Fuit
497 1737 604 1795 autem
630 1737 662 1794 et
688 1731 795 1795 animo
820 1749 937 1814 magno
960 1735 992 1793 et
1014 1749 1143 1813 corpore
1164 1729 1334 1812 imperato
1450 1751 1451 1756 ¹

293 1835 403 1917 riaqne
428 1833 539 1915 forma,
569 1839 604 1897 ut
630 1834 700 1917 ipso
725 1839 856 1917 aspectu
879 1833 979 1916 cuivis
1000 1833 1133 1897 iniceret
1153 1831 1333 1896 admiratio

259 1950 275 1997 a
293 1957 367 2002 nem
389 1936 448 2017 sui,
471 1935 528 2001 sed
549 1936 583 2000 in
601 1936 709 2002 labore
728 1935 823 2001 nimis
840 1936 991 2001 remissus
1005 1955 1179 2018 parumque
1194 1935 1332 2019 patiens,

293 2046 329 2104 ut
360 2038 583 2123 Theopompus
616 2039 786 2104 memoriae
817 2038 970 2123 prodidit,
1006 2038 1109 2104 honus
1141 2058 1217 2103 vero
1250 2038 1333 2104 civis

293 2142 419 2225 fideque
438 2161 564 2224 magna.
600 2140 692 2218 Quod
712 2162 784 2206 cum
802 2142 837 2206 in
857 2142 928 2207 aliis
949 2143 1044 2207 rebus
1067 2141 1241 2205 declararit
1261 2147 1332 2206 tum

135 2271 240 2314 eaeor.
293 2245 433 2309 maxime
455 2243 489 2307 in
503 2246 664 2327 Amyntae
678 2243 859 2310 Macedonis
881 2245 989 2310 liberis
1010 2244 1144 2309 tuendis.
1182 2245 1332 2327 Namque

293 2346 462 2431 Eurydice,
490 2352 591 2411 mater
612 2347 783 2413 Perdiccae
806 2355 838 2412 et
859 2348 1008 2433 Philippi,
1036 2368 1108 2412 cum
1133 2347 1184 2413 his
1206 2347 1331 2413 duobus

293 2450 400 2536 pueris
425 2450 567 2533 Amynta
593 2456 715 2515 mortuo
741 2449 782 2514 ad
809 2450 999 2534 Iphicratem
1029 2451 1172 2534 confugit
1201 2452 1332 2534 eiusque

229 2561 235 2571 “
295 2576 366 2621 cum
393 2555 506 2638 opibus
530 2552 663 2618 defensa
685 2559 778 2635 esset,
805 2555 888 2619 vixit
913 2555 955 2619 ad
981 2560 1177 2620 senectutem
1198 2554 1332 2638 placatis

260 2659 328 2725 ain
362 2677 396 2722 se
432 2677 559 2723 suornm
595 2657 711 2723 civium
746 2658 870 2724 animis.
917 2659 1053 2725 Causam
1087 2659 1199 2743 capitis
1231 2661 1332 2743 semel

295 2760 385 2840 dixit,
408 2760 490 2825 bello
513 2761 631 2841 sociali,
654 2780 719 2825 nna
740 2782 812 2827 cum
826 2763 1002 2844 Timotheo,
1026 2781 1126 2845 eoque
1144 2761 1261 2827 iudicio
1283 2770 1334 2828 est

260 2862 466 2938 rahsolutus.
500 2863 685 2928 Menesthea
705 2863 804 2928 filium
826 2865 953 2947 reliquit
975 2885 1016 2930 ex
1030 2864 1189 2930 Thraessa
1211 2872 1333 2949 natum,

295 2967 405 3050 Cotyis
427 2967 512 3050 regis
533 2965 607 3031 filia.
653 2968 685 3032 ls
712 2987 784 3032 cnm
809 2968 1064 3052 interrogaretur,
1091 2975 1196 3033 utrum
1222 2969 1332 3052 pluris,

294 3075 418 3154 patrem
447 3075 636 3151 matremne,
670 3069 802 3152 faceret,
834 3065 986 3137 ‘Matrem'
1016 3072 1127 3155 inquit.
1187 3071 1226 3137 Id
1259 3093 1334 3138 cnm

295 3174 442 3239 omnibus
468 3175 581 3237 mirum
607 3173 780 3256 videretur,
810 3167 864 3240 ‘At
890 3175 924 3240 id
950 3172 1072 3240 merito’
1098 3176 1201 3258 inquit
1228 3167 1332 3241 ‘facio

295 3278 379 3342 Nam
411 3283 501 3361 pater
533 3283 686 3360 qnantum
714 3278 748 3343 in
778 3297 813 3343 se
842 3277 910 3359 fuit,
944 3279 1099 3344 Thracem
1126 3299 1178 3344 me
1210 3281 1334 3364 genuit,
1448 3267 1449 3270 ¹

296 3388 404 3447 contra
426 3400 464 3444 ea
485 3387 586 3444 mater
607 3378 855 3447 Atheniensem.³

266 3505 281 3556 1
403 3484 477 3548 XII.
502 3484 664 3550 Caranus
683 3484 886 3550 Atheniensis
907 3486 977 3570 ipse
1000 3506 1124 3568 qnoque
1145 3486 1179 3550 in
1202 3487 1336 3554 summis

295 3587 422 3654 habitus
445 3594 494 3652 est
520 3586 652 3654 ducibus
680 3607 794 3671 resque
816 3590 930 3654 multas
955 3592 1106 3655 memoria
1128 3589 1242 3673 dignas
1263 3609 1335 3673 ges-

296 3690 346 3756 sit.
391 3689 513 3767 Quibns
543 3711 584 3756 ex
615 3692 709 3757 rebus
737 3692 838 3757 elucet
860 3692 998 3757 maxime
1021 3693 1185 3757 inventum
1208 3693 1276 3758 eius
1299 3694 1334 3758 in
1448 3699 1449 3728 ¹

298 3794 423 3879 proeho,
447 3793 530 3877 quod
556 3794 641 3879 apud
663 3794 790 3862 Thebas
820 3795 904 3878 fecit,
935 3816 1007 3861 cum
1033 3797 1160 3862 Boeotis
1190 3795 1335 3861 subsidio
