2890 4196
206 208 209 213 ’
294 219 335 281 82
614 233 677 286 xx.
696 231 889 286 'rruonrmu
909 235 932 287 3.
946 236 969 286 4.
984 237 1007 287 5.

293 408 450 472 munierat
464 405 637 488 Dionysius
652 404 694 469 ad
709 405 818 468 urbem
839 403 1055 483 obsidendam,
1079 424 1099 467 a
1113 402 1328 468 fundamentis

294 509 431 594 disiecit;
467 516 571 574 cetera
604 508 782 592 tyrannidis
816 507 1053 591 propugnacula
1086 505 1252 571 demolitus
1282 513 1329 570 est

187 673 190 679 .
287 610 444 701 xdeditque
482 631 624 695 operam,
674 617 706 674 ut
744 629 838 691 quarn
876 609 1006 673 minime
1050 609 1149 672 multa
1194 609 1330 690 vestigia

260 714 454 780 rservitutis
498 719 671 778 manerent.
727 713 805 778 (lum
850 712 947 776 tantis
992 718 1076 776 esset
1119 711 1245 794 opibus,
1294 718 1330 774 ut

295 817 389 881 etiam
411 817 520 882 invitis
547 817 712 900 imperare,
741 822 828 879 tanto
856 822 961 879 autem
991 835 1097 879 amore
1123 815 1262 878 omnium
1285 815 1329 879 Si-

295 920 442 1001 culorum,
465 926 501 983 ut
522 918 608 984 nullo
630 926 795 984 recusante
817 937 951 1001 regnum
971 924 1078 1001 posset
1093 917 1244 998 obtinere,
1267 938 1329 981 ma-

236 1063 237 1069 1
294 1022 351 1087 luit
374 1043 408 1087 se
431 1022 519 1105 diligi
542 1041 637 1103 quam
659 1021 765 1085 metui.
811 1022 933 1102 Itaque,
963 1041 1034 1085 curn
1061 1019 1197 1103 primum
1219 1020 1328 1104 potuit,

294 1127 459 1210 imperium
482 1124 628 1208 deposuit
649 1143 688 1188 ac
709 1124 851 1208 privatus
874 1125 1049 1207 Syracusis,
1074 1123 1157 1204 quod
1175 1124 1328 1206 reliquum

261 1230 381 1294 avitae
406 1228 476 1309 fuit,
507 1228 597 1291 vixit.
644 1229 758 1309 Neque
784 1247 859 1292 vero
885 1226 920 1290 id
946 1227 1091 1311 imperite
1117 1225 1200 1291 fecit.
1245 1227 1328 1292 Nam

296 1331 380 1413 quod
408 1331 504 1396 ceteri
530 1330 661 1414 imperio
688 1329 857 1414 petierunt,
888 1329 941 1394 hic
970 1330 1192 1395 benevolentia
1218 1329 1326 1393 tenuit.

295 1433 408 1498 Nullus
437 1433 537 1497 honos
565 1432 594 1497 ei
621 1431 722 1497 defuit
751 1451 855 1514 neque
877 1437 989 1515 postea
1010 1452 1061 1496 res
1082 1432 1147 1495 ulla
1168 1438 1259 1517 gesta
1282 1439 1330 1498 est

295 1537 436 1618 publice,
467 1535 507 1600 de
537 1555 600 1618 qua
629 1535 716 1619 prius
743 1534 784 1599 sit
814 1533 974 1598 decretum
1005 1555 1099 1616 quam
1125 1535 1330 1600 Timoleontis

262 1645 380 1704 cesset
401 1639 559 1704 sententia
582 1637 717 1720 cognita.
760 1636 883 1702 Nullius
905 1657 1055 1719 umquam
1079 1635 1242 1702 consilium
1264 1659 1328 1702 non
1368 1649 1372 1656 ’

295 1741 387 1807 modo
406 1742 589 1821 antelatum,
613 1740 669 1807 sed
691 1761 732 1805 ne
756 1746 970 1824 comparatum
992 1739 1119 1823 quidem
1142 1746 1203 1823 cst,
1225 1760 1330 1822 neque

295 1843 327 1907 id
350 1845 451 1928 magis
473 1843 635 1909 hominum
658 1844 882 1908 benevolentia
903 1843 1023 1907 factum
1047 1849 1095 1908 cst
1118 1863 1212 1924 quam
1229 1843 1331 1926 ipsius

296 1946 472 2028 prudentia.
1204 1965 1208 1970 ·

262 2061 280 2113 l»
400 2049 513 2113 Aetate
535 2049 599 2113 iam
621 2055 789 2132 provectus
811 2049 880 2114 sine
902 2049 965 2113 ullo
987 2048 1096 2114 morbo
1119 2047 1238 2112 lumina
1259 2069 1334 2114 ocu-

274 2152 394 2240 ¹lorum
427 2151 541 2216 amisit.
588 2144 936 2227 Quam'oalamitatem
969 2152 1014 2215 ita
1047 2152 1127 2233 tulit,
1161 2158 1197 2216 ut
1225 2172 1334 2234 neque
1438 2213 1439 2240 ,

296 2273 368 2317 eum
391 2258 572 2335 querentem
603 2253 768 2336 quisquam
795 2253 930 2320 audierit
959 2273 1062 2342 neque
1085 2275 1122 2328 eo
1144 2255 1248 2320 minus
1270 2259 1335 2340 pri-

263 2356 378 2420 nvatis
404 2356 600 2440 publicisque
626 2357 720 2421 rebus
750 2356 936 2421 interfuerit.
982 2357 1139 2423 Veniebat
1165 2363 1270 2422 autem
1296 2360 1333 2424 in

296 2460 462 2541 theatrum,
487 2460 562 2524 ‘cum
589 2459 635 2525 ibi
663 2460 829 2525 concilium
856 2460 964 2544 populi
993 2459 1171 2542 haberetur,
1202 2469 1336 2545 propter
1438 2445 1439 2452 ἵ

296 2563 509 2632 valetudinem
535 2569 644 2628 vectus
666 2562 815 2627 iumentis
843 2562 958 2626 iunctis
988 2569 1083 2645 atque
1111 2564 1156 2628 ita
1181 2563 1222 2628 de
1244 2565 1335 2629 vehi-

297 2666 375 2745 culo,
399 2685 480 2746 quae
502 2665 701 2746 videbantur,
725 2664 860 2729 dicebat.
895 2666 1007 2746 Neque
1029 2666 1089 2730 hoc
1103 2666 1149 2729 illi
1164 2666 1334 2749 quisquam

296 2761 455 2832 tribbebat
470 2767 644 2851 superbiae.
675 2767 763 2832 Nihil
787 2767 871 2831 enim
893 2787 1043 2850 umquam
1065 2787 1170 2851 neque
1191 2769 1336 2836 insolens

264 2890 400 2951 cneque
426 2870 594 2952 gloriosum
622 2889 663 2934 ex
686 2890 740 2934 cre
770 2871 837 2933 eius
869 2871 955 2935 exiit.
995 2869 1056 2946 Qui
1086 2870 1226 2953 quidem,
1257 2892 1334 2938 cum

298 2993 370 3038 suas
403 2973 513 3037 laudes
547 2972 671 3037 audiret
703 2974 888 3057 praedicari,
923 2995 1095 3056 numquam
1128 2975 1216 3040 aliud
1248 2975 1336 3042 dixit

299 3096 392 3157 quam
416 3095 450 3140 se
471 3075 506 3139 in
529 3095 568 3139 ea
588 3095 623 3141 re
645 3076 784 3140 maxime
806 3076 855 3140 dis
877 3098 973 3160 agere
989 3078 1115 3161 gratias,
1141 3078 1234 3160 quod,
1259 3099 1334 3144 cum

300 3179 438 3243 Siciliam
460 3197 601 3242 recreare
625 3179 868 3260 constituissent,
900 3187 966 3244 tum
993 3201 1027 3245 se
1054 3181 1249 3264 potissimum
1278 3182 1336 3246 du-

265 3299 368 3349 rcem
406 3298 475 3345 esse
510 3281 691 3346 voluissent.
719 3281 826 3346 'Nihil
863 3282 947 3346 enim
982 3303 1085 3346 rerum
1122 3282 1335 3350 humanarum

300 3384 368 3448 sine
391 3382 520 3446 deorum
546 3383 675 3448 numine
703 3383 770 3467 geri
797 3384 938 3467 putabat.
984 3386 1095 3466 Itaque
1134 3405 1209 3451 suae
1245 3385 1336 3454 domi

301 3485 449 3550 sacellum
492 3486 689 3551 Automatias
739 3487 941 3551 constituerat
989 3487 1084 3568 idque
1134 3488 1337 3554 sanctissime

301 3589 431 3653 colebat.

266 3709 284 3758 o
404 3691 459 3756 Ad
477 3691 559 3756 banc
582 3692 716 3758 hominis
739 3694 946 3758 excellentem
970 3694 1142 3759 bonitatem
1169 3694 1336 3762 mirabiles

302 3802 501 3860 accesserant
525 3815 624 3860 casus
659 3797 742 3860 Nam
775 3797 894 3881 proelia
917 3798 1056 3861 maxima
1078 3796 1176 3861 natali
1199 3817 1255 3862 suo
1278 3798 1337 3863 die
