2890 4196
285 212 326 276 98
623 228 715 283 XXV.
732 228 903 285 ATTICUS.
925 233 948 286 1.
961 233 985 285 2.

248 420 265 471 1
386 403 489 468 XXV.
526 404 563 468 T.
594 404 776 468 Poneourus
805 403 954 485 Acoreus,
983 404 1026 468 ab
1057 404 1178 487 origine
1207 405 1320 470 ultima

284 505 390 590 stirpis
411 507 573 572 Romanae
595 512 774 590 generatur,
797 513 949 590 perpetuo
970 527 991 572 a
1013 507 1183 574 maioribus
1209 529 1319 592 accep·

249 616 349 674 atam
376 615 552 692 equestrem
578 610 713 676 obtinuit
739 610 935 694 dignitatern.
976 612 1071 676 Patre
1084 631 1160 676 usus
1181 619 1230 677 est
1251 611 1320 676 dili-

282 715 371 797 genti
394 721 436 796 et,
466 721 500 779 ut
522 720 588 779 tum
611 721 701 779 erant
727 719 878 798 tempora,
909 714 967 779 diti
995 714 1030 779 in
1058 715 1231 800 primisque
1256 723 1320 782 stu-

284 816 371 883 dioso
385 818 566 883 litterarum.
591 818 660 898 Hie,
684 824 776 902 prout
790 818 858 902 ipse
873 818 1001 883 amabat
1018 818 1148 900 litterae,
1163 820 1319 897 ¹omuibus

283 921 447 1003 doctrinis,
478 920 591 1002 quibus
620 921 748 1003 pueriHs
777 927 867 986 aetus
895 921 1048 1004 impertiri
1077 920 1187 1003 debet,
1205 923 1319 986 'filium

249 1033 265 1083 3
283 1024 427 1090 erudivit.
451 1024 528 1088 Erat
549 1032 655 1089 autem
676 1025 710 1088 iu
733 1044 830 1109 puero
849 1031 974 1109 praeter
989 1024 1182 1090 docilitatem
1196 1019 1319 1110 ingenii

283 1148 405 1193 summa
427 1128 567 1192 suavitas
590 1128 651 1193 oris
673 1134 768 1211 atque
790 1128 886 1210 vocis,
910 1133 1030 1211 utnon
1052 1128 1153 1194 solum
1176 1128 1319 1196 celeriter·

282 1231 448 1314 acciperet,
477 1249 558 1313 quae
580 1230 795 1312 tradebantur,
824 1229 881 1297 sed
909 1231 1004 1296 etiam
1032 1231 1223 1296 excellenter·
1249 1253 1318 1318 pro

282 1333 450 1398 nuntiaret.
497 1332 568 1410 Qua
594 1354 635 1400 ex
657 1354 692 1398 re
714 1335 747 1399 in
769 1334 905 1419 pueritia
926 1335 1041 1400 nobilis
1064 1334 1147 1399 inter
1167 1336 1318 1417 aequales

282 1437 443 1502 serebatur
464 1437 639 1520 clariusque
655 1437 939 1523 exsplendescebat
961 1458 1056 1520 quam
1079 1439 1226 1522 generosi
1246 1459 1317 1504 oon·
1435 1427 1436 1453 ¹

248 1538 428 1625 rdisoipuli
458 1542 563 1606 auimo
591 1561 692 1624 aequo
722 1542 805 1607 ferre
834 1548 972 1625 possent.
1018 1544 1130 1623 ltaque
1162 1542 1318 1608 incitabat

282 1664 392 1709 omnes
414 1644 518 1710 studio
540 1665 605 1710 suo.
637 1645 706 1721 Quo
728 1645 762 1709 in
785 1665 914 1711 numero
936 1645 1063 1710 fuerunt
1077 1645 1113 1709 L.
1126 1646 1316 1728 Torquatum

283 1747 318 1813 Ο.
342 1747 459 1813 Marius
481 1748 573 1831 filius,
603 1747 644 1812 M.
669 1749 794 1832 Cicero;
825 1768 904 1832 quos
931 1748 1158 1814 consuetudine
1185 1751 1318 1815 suasio

283 1850 437 1932 devinxit,
459 1857 495 1916 ut
516 1871 609 1916 nemo
631 1851 678 1917 eis
699 1857 853 1936 perpetua
873 1851 941 1916 vita
962 1851 1057 1916 fuerit
1080 1852 1187 1916 carior.

248 1957 266 2010 2
385 1957 480 2019 Pater
501 1961 621 2019 mature
643 1953 788 2020 decessit.
819 1956 892 2038 lpse
913 1953 1167 2020 adulescentulus
1189 1961 1319 2040 propter

137 2079 229 2149 scam.
282 2057 470 2132 affinitatem
485 2060 520 2123 P.
536 2057 676 2141 Sulpicii,
700 2059 754 2140 qui
776 2058 920 2123 tribunus
942 2058 1028 2141 plebi
1049 2057 1234 2124 interfectus
1256 2066 1317 2142 est,

282 2181 345 2225 uon
369 2179 483 2244 expers
504 2160 564 2224 fuit
583 2161 666 2225 illius
681 2162 819 2244 periculi.
844 2162 989 2245 Namque
1003 2163 1126 2243 Anicia,
1149 2162 1319 2246 Pomponii

248 2263 479 2344 2oousobrina,
502 2268 654 2346 nupserat
667 2264 788 2346 Servio,
811 2264 901 2329 fratri
915 2264 1055 2348 Sulpicii.
1087 2265 1199 2346 ltaque
1220 2265 1319 2330 inter-

281 2366 364 2432 fecto
395 2366 533 2451 Sulpicio
560 2371 764 2451 posteaquam
796 2367 876 2433 vidit
903 2368 1048 2434 Cinnano
1078 2369 1212 2433 tumultu
1241 2368 1319 2434 civi-

281 2476 379 2535 tatem
406 2491 475 2536 esse
500 2471 716 2555 perturbatam
741 2491 845 2552 neque
873 2470 934 2537 sihi
961 2471 1030 2536 dari
1053 2470 1236 2536 facultatem
1257 2493 1318 2556 pro
1435 2491 1436 2520 r

281 2574 437 2658 dignitate
458 2573 598 2657 vivendi,
622 2574 697 2657 quin
712 2575 895 2639 alterutram
909 2581 1031 2658 partem
1047 2573 1230 2656 offenderet,
1254 2575 1318 2641 dis-

281 2678 407 2744 sociatis
433 2678 547 2744 animis
574 2677 698 2759 civium,
726 2698 798 2742 oum
824 2678 878 2742 alii
905 2678 1052 2759 Sullanis,
1079 2678 1133 2744 alii
1162 2677 1318 2745 Cinnanis

281 2781 427 2846 faverent
454 2781 605 2867 partibus,
636 2781 784 2847 idoneum
815 2788 940 2865 tempus
968 2787 1055 2846 ratus
1085 2779 1197 2846 studiis
1226 2780 1317 2846 obse-

137 2903 228 2946 ssam.
282 2884 400 2966 quendi
426 2885 491 2950 suis
517 2884 660 2949 Athenas
689 2904 724 2950 se
746 2885 885 2950 eontulit.
924 2885 1036 2966 Neque
1059 2903 1095 2949 eo
1118 2884 1216 2950 setius
1238 2884 1315 2948 adu-

281 2988 453 3053 lescentem
479 2988 613 3052 Marium
638 2986 760 3052 hostem
787 2987 960 3052 iudicatum
986 2988 1066 3052 iuvit
1095 2987 1208 3071 opibus
1238 2988 1314 3070 suis,

247 3090 370 3155 acuius
391 3090 499 3174 fugam
522 3089 656 3175 pecunia
679 3090 864 3155 sublevavit.
900 3092 1003 3155 Anne
1025 3090 1080 3154 illa
1101 3089 1316 3174 peregrinatio

281 3194 504 3259 detrimentum
518 3192 646 3275 aliquod
661 3193 789 3258 afferret
801 3193 849 3258 rei
864 3192 1021 3274 familiari,
1037 3191 1147 3258 eodem
1163 3213 1315 3276 magnam

281 3303 403 3382 partem
425 3297 620 3362 fortunarum
643 3296 766 3362 traiecit
780 3315 916 3362 suarum.
947 3297 1008 3360 Hie
1022 3296 1068 3360 ita
1083 3295 1174 3376 vixit,
1196 3302 1231 3360 ut
1245 3297 1315 3361 uni-

245 3387 262 3463 a
280 3401 380 3466 'versis
392 3400 640 3466 Atheniensibus
654 3401 766 3465 merito
782 3407 866 3465 esset
881 3400 1069 3467 carissimus.
1092 3400 1176 3464 Nam
1187 3406 1316 3483 praeter

279 3504 423 3587 gratiam,
456 3525 536 3585 quae
563 3503 627 3567 iam
652 3503 686 3567 in
709 3502 945 3569 adulescentulo
969 3523 1086 3586 magna
1108 3507 1184 3582 erat,
1215 3521 1315 3586 saepe

280 3608 345 3674 suis
366 3608 478 3693 opibus
500 3607 640 3691 inopiam
663 3627 769 3672 eorum
791 3607 950 3691 publicam
972 3607 1100 3672 levavit.
1125 3605 1205 3671 Cum
1227 3605 1314 3670 enim

279 3731 441 3777 versuram
467 3712 571 3776 lacere
598 3710 723 3795 publice
749 3730 880 3776 necesse
908 3717 990 3776 esset
1017 3729 1120 3793 neque
1148 3708 1215 3774 eius
1238 3727 1313 3772 eon·

279 3815 435 3881 dicionem
457 3835 591 3899 aequam
613 3814 777 3898 haherent,
804 3835 929 3900 semper
951 3833 985 3880 se
1007 3812 1194 3898 interposuit
1216 3818 1314 3895 atque
