2890 4196
270 159 312 221 64
579 174 670 228 XVII.
690 175 911 230 AGESILAUS.
934 180 956 231 1.
969 179 992 231 2.

234 355 331 414 aest:
367 369 403 412 eo
434 348 517 412 enim
547 368 622 413 usus
653 355 700 412 est
729 349 980 414 familiarissime.
1026 351 1074 414 Ac
1100 351 1235 434 primum
1264 353 1304 417 de

268 473 365 536 regno
388 473 458 516 cum
473 451 677 535 Leotychide,
701 451 805 516 fratris
827 453 901 533 filio,
925 453 1036 516 habuit
1059 456 1291 520 contentionem

269 556 335 620 Mos
366 561 432 620 crat
461 562 528 619 tum
557 555 816 620 Lacedaemoniis
845 578 866 620 a
895 556 1065 621 maioribus
1092 557 1234 639 traditus,
1269 567 1304 624 ut

269 660 359 724 binos
396 660 549 724 haberent
583 679 687 743 reges,
725 660 852 724 nomine
890 650 993 742 magis
1033 680 1127 741 quam
1161 662 1302 746 imperio,

269 783 310 828 ex
337 749 459 828 duabus
488 763 615 827 familiis
637 763 738 827 Prooli
766 770 797 828 et
818 763 1036 846 Eurysthenis
1065 765 1118 845 qui
1144 765 1303 849 plincipes

233 885 309 933 sex
332 868 483 954 progenie
506 867 650 931 Herculis
672 868 804 951 Spartae
831 888 922 951 reges
945 868 1080 932 fuerunt.
1119 869 1237 932 Harum
1262 889 1302 933 ex

267 972 366 1036 altera
387 972 421 1035 in
443 971 571 1034 alterius
594 971 732 1034 familiae
755 972 856 1035 locum
879 992 986 1054 regem
1010 970 1081 1034 fieri
1098 991 1161 1035 non
1177 973 1300 1037 licebat.

267 1076 316 1138 lta
354 1081 485 1156 utraque
523 1095 615 1139 suum
651 1075 807 1138 retinebat
845 1073 996 1139 ordinem.
1050 1075 1188 1138 Primum
1222 1077 1301 1140 ratio

268 1178 456 1257 habebatur,
484 1178 537 1260 qui
560 1179 717 1243 maximus
739 1185 815 1242 natu
840 1185 923 1242 esset
945 1199 985 1242 cx
1008 1179 1115 1243 liberis
1138 1179 1219 1259 cius,
1248 1181 1301 1262 qui

267 1302 403 1364 regnans
434 1281 634 1366 decessisset;
666 1283 715 1346 sin
742 1283 769 1347 is
796 1283 886 1346 virile
914 1302 1004 1346 secus
1026 1303 1089 1345 non
1113 1283 1299 1364 reliquisset,

232 1394 333 1450 stum
356 1385 561 1469 deligebatur,
586 1387 638 1468 qui
661 1387 824 1469 proximus
848 1392 930 1451 essct
949 1385 1192 1469 propinquitate.
1223 1389 1301 1450 Mor-

267 1497 338 1554 tuus
373 1497 438 1554 erat
471 1491 549 1574 Agis
583 1510 649 1570 rex,
684 1489 780 1553 frater
810 1490 963 1573 Agesilai:
999 1488 1095 1553 filium
1131 1490 1297 1572 reliquerat

267 1593 507 1676 Leotychidem,
543 1613 635 1674 qucm
665 1593 717 1656 ille
747 1598 855 1656 natum
886 1613 948 1656 non
979 1599 1111 1675 agnorat
1141 1593 1298 1674 heredem,

267 1698 402 1762 moriens
432 1717 523 1784 suum
554 1715 623 1760 esse
652 1695 785 1760 dixerat.
831 1696 863 1760 Is
893 1694 932 1759 de
963 1696 1081 1759 honore
1111 1697 1201 1778 regni
1229 1717 1298 1760 oum

266 1802 422 1886 Agesilao,
451 1807 562 1883 patruo
585 1818 650 1879 suo,
674 1797 847 1882 contendit;
875 1819 978 1880 neque
1001 1798 1043 1879 id,
1072 1799 1155 1880 quod
1177 1801 1297 1884 petivit,
1358 1863 1360 1870 .

231 1924 247 1970 s
267 1911 451 1970 consecutus
474 1910 529 1968 est.
576 1903 659 1966 Nam
681 1901 847 1985 Lysandro
870 1903 1073 1984 suffragante,
1101 1902 1236 1984 homine,
1264 1910 1298 1968 ut

266 2007 459 2073 ostendimus
489 2026 592 2088 supra,
627 2005 758 2069 factioso
789 2012 820 2069 ct
849 2005 911 2070 illis
941 2006 1133 2088 temporibus
1166 2007 1296 2090 potenti,

267 2111 432 2193 Agesilaus
454 2109 610 2173 antelatus
633 2114 688 2172 cst.
1180 2121 1182 2126 ·

228 2226 246 2279 2
367 2214 399 2277 Is
422 2212 514 2276 simul
535 2218 630 2292 atque
649 2212 779 2294 imperio
798 2212 914 2295 potitus
941 2218 998 2293 cst,
1027 2212 1182 2296 persuasit
1201 2213 1296 2278 Laoc·

264 2315 448 2395 daemoniis,
471 2321 506 2379 ut
525 2334 594 2378 cum
612 2315 752 2378 exercitu
768 2335 802 2379 sc
817 2315 977 2379 mitterent
996 2315 1029 2378 in
1045 2315 1154 2380 Asiam
1169 2315 1297 2380 bellum-

264 2440 324 2503 que
345 2419 413 2502 regi
435 2419 585 2498 iacerent,
610 2438 680 2482 oum
703 2417 830 2482 doceret
852 2418 951 2483 satius
971 2439 1041 2483 csse
1060 2419 1093 2482 in
1108 2419 1187 2484 Asia
1202 2439 1295 2500 quam

263 2525 295 2588 in
317 2525 443 2607 Europa
465 2521 616 2586 dimicari.
662 2522 809 2603 Namque
835 2521 921 2585 fama
943 2521 1064 2585 exierat
1086 2522 1295 2587 Artaxerxem

263 2647 443 2711 comparare
466 2627 582 2690 classes
605 2623 830 2708 pedestresque
854 2624 1020 2704 exercitus,
1045 2645 1123 2706 quos
1145 2625 1177 2688 in
1202 2627 1295 2690 Grae·

107 2758 210 2799 asason.
229 2745 244 2792 ‘2
265 2733 344 2795 ciam
367 2729 511 2794 mitteret.
557 2729 641 2792 Data
666 2734 823 2811 potestate
845 2734 934 2791 tanta
957 2728 1117 2792 celeritate
1139 2749 1213 2794 usus
1237 2735 1304 2810 est,¹

263 2840 297 2898 ut
326 2833 413 2916 prius
439 2833 473 2895 in
499 2831 608 2895 Asiam
639 2851 710 2894 cum
740 2831 837 2914 copiis
867 2831 1057 2914 perveniret,
1093 2851 1187 2912 quam
1216 2832 1295 2915 regii

263 2943 408 3018 satrapae
439 2954 509 2997 eum
541 2934 656 2998 scirent
689 2934 873 3016 profectum.
920 2932 989 3010 Quo
1020 2934 1138 2998 iactum
1169 2940 1226 3014 cst,
1259 2943 1294 2999 ut

228 3055 244 3101 3
263 3059 371 3103 omnes
386 3037 556 3119 imparatos
571 3036 847 3119 imprudentesque
863 3037 1044 3101 offenderet.
1080 3035 1118 3100 Id
1133 3043 1167 3101 ut
1183 3057 1294 3120 cogno·

217 3225 220 3230 Ι
262 3144 308 3206 vit
322 3139 558 3222 lissaplrerncs,
582 3138 636 3220 qui
657 3159 811 3203 summum
831 3139 996 3223 imperium
1017 3146 1083 3203 tum
1106 3139 1188 3204 inter
1206 3161 1293 3224 prae-

263 3246 361 3309 fectos
383 3243 522 3308 habebat
543 3243 656 3326 regios,
687 3243 826 3308 indutias
848 3263 868 3308 a
889 3244 1015 3308 Lacone
1042 3243 1165 3326 petivit,
1195 3244 1227 3308 id
1255 3246 1292 3310 si-

262 3349 385 3412 mulans
414 3365 447 3411 se
478 3345 552 3410 darc
582 3365 723 3429 operam,
757 3352 791 3410 ut
819 3345 1079 3411 Lacedaemoniis
1113 3367 1184 3411 cum
1217 3368 1292 3432 rege

262 3450 452 3529 conveniret,
476 3468 509 3512 rc
524 3455 629 3513 autem
645 3468 721 3513 vera
735 3448 777 3512 ad
792 3449 898 3532 copias
914 3448 1151 3532 comparandas,
1175 3471 1291 3532 easque

229 3553 441 3636 rimpctravit
473 3552 653 3618 trimestres.
700 3552 820 3616 Iuravit
852 3558 958 3616 autem
992 3557 1122 3633 uterque
1155 3573 1190 3618 se
1222 3554 1291 3619 sine

261 3655 331 3722 dolo
360 3655 498 3722 indutias
528 3663 792 3722 conservaturum.
838 3657 876 3720 In
904 3676 966 3737 qua
992 3655 1138 3740 pactione
1168 3676 1290 3722 summa

260 3758 322 3824 lide
359 3761 474 3826 mansit
510 3761 690 3845 Agesilaus:
730 3765 838 3825 contra
875 3780 913 3824 ca
946 3759 1174 3844 Tissaphernes
1211 3759 1290 3824 nihil
