<?xml version="1.0" encoding="UTF-8"?>
<!DOCTYPE html PUBLIC "-//W3C//DTD XHTML 1.0 Transitional//EN"
    "http://www.w3.org/TR/xhtml1/DTD/xhtml1-transitional.dtd">
<html xmlns="http://www.w3.org/1999/xhtml" xml:lang="en" lang="en">
 <head>
  <title>
</title>
<meta http-equiv="Content-Type" content="text/html;charset=utf-8" />
  <meta name='ocr-system' content='tesseract 3.04.00' />
  <meta name='ocr-capabilities' content='ocr_page ocr_carea ocr_par ocr_line ocrx_word'/>
</head>
<body>
  <div class='ocr_page' id='page_1' title='image "./vitae00nepogoog_0118.png"; bbox 0 0 2890 4196; ppageno 0'>
   <div class='ocr_carea' id='block_1_1' title="bbox 276 212 1044 282">
    <p class='ocr_par' dir='ltr' id='par_1_1' title="bbox 276 212 1044 282">
     <span class='ocr_line' id='line_1_1' title="bbox 276 212 1044 282; baseline 0.007 -8"><span class='ocrx_word' id='word_1_1' title='bbox 276 212 318 275; x_wconf 79' lang='grc'>94</span> <span class='ocrx_word' id='word_1_2' title='bbox 539 226 647 280; x_wconf 86' lang='lat' dir='ltr'>XXIII.</span> <span class='ocrx_word' id='word_1_3' title='bbox 667 225 873 279; x_wconf 81' lang='lat' dir='ltr'>HANNIBAL.</span> <span class='ocrx_word' id='word_1_4' title='bbox 894 227 988 282; x_wconf 84' lang='lat' dir='ltr'>11.1a</span> <span class='ocrx_word' id='word_1_5' title='bbox 1004 227 1044 281; x_wconf 82' lang='lat'>13.</span> 
     </span>
    </p>
   </div>
   <div class='ocr_carea' id='block_1_2' title="bbox 119 396 1358 3565">
    <p class='ocr_par' dir='ltr' id='par_1_2' title="bbox 119 396 1358 3565">
     <span class='ocr_line' id='line_1_2' title="bbox 274 396 1307 482; baseline 0 -20"><span class='ocrx_word' id='word_1_6' title='bbox 274 407 340 463; x_wconf 93' lang='lat' dir='ltr'>tum</span> <span class='ocrx_word' id='word_1_7' title='bbox 363 401 474 478; x_wconf 90' lang='lat' dir='ltr'>solum,</span> <span class='ocrx_word' id='word_1_8' title='bbox 502 397 558 464; x_wconf 89' lang='lat' dir='ltr'>sed</span> <span class='ocrx_word' id='word_1_9' title='bbox 581 418 677 482; x_wconf 84' lang='lat' dir='ltr'>saepe</span> <span class='ocrx_word' id='word_1_10' title='bbox 700 398 778 464; x_wconf 90' lang='lat' dir='ltr'>alias</span> <span class='ocrx_word' id='word_1_11' title='bbox 800 396 1000 482; x_wconf 83' lang='lat' dir='ltr'>pedestribus</span> <span class='ocrx_word' id='word_1_12' title='bbox 1024 396 1122 480; x_wconf 89' lang='lat' dir='ltr'>eopiis</span> <span class='ocrx_word' id='word_1_13' title='bbox 1144 398 1213 481; x_wconf 89' lang='lat' dir='ltr'>pari</span> <span class='ocrx_word' id='word_1_14' title='bbox 1235 418 1307 481; x_wconf 92' lang='lat' dir='ltr'>pru-</span> 
     </span>
     <span class='ocr_line' id='line_1_3' title="bbox 274 501 754 586; baseline 0.004 -22"><span class='ocrx_word' id='word_1_15' title='bbox 274 501 382 567; x_wconf 86' lang='lat' dir='ltr'>dentia¹</span> <span class='ocrx_word' id='word_1_16' title='bbox 403 502 525 586; x_wconf 84' lang='lat' dir='ltr'>pepulit</span> <span class='ocrx_word' id='word_1_17' title='bbox 547 501 754 568; x_wconf 87' lang='lat' dir='ltr'>adversarios.</span> 
     </span>
     <span class='ocr_line' id='line_1_4' title="bbox 223 602 1358 687; baseline -0.003 -17"><span class='ocrx_word' id='word_1_18' title='bbox 223 621 261 672; x_wconf 58' lang='grc' dir='ltr'>ιε’</span> <span class='ocrx_word' id='word_1_19' title='bbox 377 604 467 681; x_wconf 77' lang='lat' dir='ltr'>Quae</span> <span class='ocrx_word' id='word_1_20' title='bbox 489 603 564 668; x_wconf 92' lang='lat' dir='ltr'>dum</span> <span class='ocrx_word' id='word_1_21' title='bbox 586 604 619 668; x_wconf 93' lang='lat' dir='ltr'>in</span> <span class='ocrx_word' id='word_1_22' title='bbox 634 603 712 669; x_wconf 87' lang='lat' dir='ltr'>Asia</span> <span class='ocrx_word' id='word_1_23' title='bbox 727 610 887 686; x_wconf 87' lang='lat' dir='ltr'>geruntur,</span> <span class='ocrx_word' id='word_1_24' title='bbox 910 602 1026 667; x_wconf 89' lang='lat' dir='ltr'>aeeidit</span> <span class='ocrx_word' id='word_1_25' title='bbox 1048 622 1132 684; x_wconf 89' lang='lat' dir='ltr'>oasu,</span> <span class='ocrx_word' id='word_1_26' title='bbox 1155 610 1191 668; x_wconf 92' lang='lat' dir='ltr'>ut</span> <span class='ocrx_word' id='word_1_27' title='bbox 1209 604 1308 687; x_wconf 87' lang='lat' dir='ltr'>legati</span> <span class='ocrx_word' id='word_1_28' title='bbox 1353 609 1358 620; x_wconf 98' lang='grc'><strong><em>’</em></strong></span> 
     </span>
     <span class='ocr_line' id='line_1_5' title="bbox 119 705 1307 798; baseline -0.001 -28"><span class='ocrx_word' id='word_1_29' title='bbox 119 741 220 781; x_wconf 57' lang='lat' dir='ltr'>mh,</span> <span class='ocrx_word' id='word_1_30' title='bbox 274 708 402 772; x_wconf 82' lang='lat' dir='ltr'>Prusiae</span> <span class='ocrx_word' id='word_1_31' title='bbox 424 709 545 772; x_wconf 87' lang='lat' dir='ltr'>Romae</span> <span class='ocrx_word' id='word_1_32' title='bbox 570 706 657 791; x_wconf 89' lang='lat' dir='ltr'>apud</span> <span class='ocrx_word' id='word_1_33' title='bbox 677 708 714 771; x_wconf 83' lang='grc' dir='ltr'>Τ.</span> <span class='ocrx_word' id='word_1_34' title='bbox 739 705 902 782; x_wconf 78' lang='lat' dir='ltr'>Quintium</span> <span class='ocrx_word' id='word_1_35' title='bbox 921 705 1139 798; x_wconf 13' lang='lat' dir='ltr'>&#39;Flamininum</span> <span class='ocrx_word' id='word_1_36' title='bbox 1167 707 1307 771; x_wconf 82' lang='lat' dir='ltr'>consula-</span> 
     </span>
     <span class='ocr_line' id='line_1_6' title="bbox 273 808 1308 892; baseline 0.001 -19"><span class='ocrx_word' id='word_1_37' title='bbox 273 831 338 874; x_wconf 85' lang='lat' dir='ltr'>rem</span> <span class='ocrx_word' id='word_1_38' title='bbox 361 817 512 877; x_wconf 86' lang='lat' dir='ltr'>eenarent</span> <span class='ocrx_word' id='word_1_39' title='bbox 532 817 630 892; x_wconf 84' lang='lat' dir='ltr'>atque</span> <span class='ocrx_word' id='word_1_40' title='bbox 651 809 697 874; x_wconf 93' lang='lat' dir='ltr'>ibi</span> <span class='ocrx_word' id='word_1_41' title='bbox 718 808 760 874; x_wconf 91' lang='lat' dir='ltr'>de</span> <span class='ocrx_word' id='word_1_42' title='bbox 771 808 953 873; x_wconf 88' lang='lat' dir='ltr'>Hannibale</span> <span class='ocrx_word' id='word_1_43' title='bbox 976 808 1135 872; x_wconf 81' lang='lat' dir='ltr'>mentione</span> <span class='ocrx_word' id='word_1_44' title='bbox 1157 808 1242 873; x_wconf 88' lang='lat' dir='ltr'>faeta</span> <span class='ocrx_word' id='word_1_45' title='bbox 1264 829 1308 874; x_wconf 87' lang='lat' dir='ltr'>ex</span> 
     </span>
     <span class='ocr_line' id='line_1_7' title="bbox 273 911 1307 996; baseline -0.001 -18"><span class='ocrx_word' id='word_1_46' title='bbox 273 914 319 979; x_wconf 84' lang='lat' dir='ltr'>eis</span> <span class='ocrx_word' id='word_1_47' title='bbox 348 932 429 978; x_wconf 91' lang='lat' dir='ltr'>unus</span> <span class='ocrx_word' id='word_1_48' title='bbox 462 913 581 977; x_wconf 83' lang='lat' dir='ltr'>diceret</span> <span class='ocrx_word' id='word_1_49' title='bbox 610 912 862 996; x_wconf 92' lang='lat' dir='ltr'>potentissimum</span> <span class='ocrx_word' id='word_1_50' title='bbox 893 931 963 976; x_wconf 89' lang='lat' dir='ltr'>eum</span> <span class='ocrx_word' id='word_1_51' title='bbox 993 911 1026 976; x_wconf 93' lang='lat' dir='ltr'>in</span> <span class='ocrx_word' id='word_1_52' title='bbox 1048 911 1179 976; x_wconf 85' lang='lat' dir='ltr'>Prusiae</span> <span class='ocrx_word' id='word_1_53' title='bbox 1207 931 1307 996; x_wconf 87' lang='lat' dir='ltr'>regno</span> 
     </span>
     <span class='ocr_line' id='line_1_8' title="bbox 239 1012 1305 1099; baseline -0.003 -17"><span class='ocrx_word' id='word_1_54' title='bbox 239 1035 351 1089; x_wconf 70' lang='lat' dir='ltr'>nesse.</span> <span class='ocrx_word' id='word_1_55' title='bbox 397 1015 435 1080; x_wconf 93' lang='lat' dir='ltr'>Id</span> <span class='ocrx_word' id='word_1_56' title='bbox 468 1023 593 1099; x_wconf 90' lang='lat' dir='ltr'>postero</span> <span class='ocrx_word' id='word_1_57' title='bbox 625 1014 678 1079; x_wconf 92' lang='lat' dir='ltr'>die</span> <span class='ocrx_word' id='word_1_58' title='bbox 700 1015 898 1079; x_wconf 84' lang='lat' dir='ltr'>Flamininus</span> <span class='ocrx_word' id='word_1_59' title='bbox 930 1012 971 1077; x_wconf 87' lang='lat' dir='ltr'>ad</span> <span class='ocrx_word' id='word_1_60' title='bbox 1006 1019 1150 1079; x_wconf 89' lang='lat' dir='ltr'>senatum</span> <span class='ocrx_word' id='word_1_61' title='bbox 1183 1015 1305 1079; x_wconf 89' lang='lat' dir='ltr'>detulit.</span> 
     </span>
     <span class='ocr_line' id='line_1_9' title="bbox 272 1117 1306 1200; baseline 0.001 -18"><span class='ocrx_word' id='word_1_62' title='bbox 272 1120 391 1200; x_wconf 91' lang='lat' dir='ltr'>Patres,</span> <span class='ocrx_word' id='word_1_63' title='bbox 422 1119 475 1200; x_wconf 91' lang='lat' dir='ltr'>qui</span> <span class='ocrx_word' id='word_1_64' title='bbox 505 1119 686 1183; x_wconf 88' lang='lat' dir='ltr'>Hannibale</span> <span class='ocrx_word' id='word_1_65' title='bbox 714 1118 788 1183; x_wconf 84' lang='lat' dir='ltr'>vivo</span> <span class='ocrx_word' id='word_1_66' title='bbox 818 1136 990 1199; x_wconf 88' lang='lat' dir='ltr'>numquam</span> <span class='ocrx_word' id='word_1_67' title='bbox 1021 1137 1056 1182; x_wconf 92' lang='lat' dir='ltr'>se</span> <span class='ocrx_word' id='word_1_68' title='bbox 1084 1119 1153 1182; x_wconf 90' lang='lat' dir='ltr'>sine</span> <span class='ocrx_word' id='word_1_69' title='bbox 1183 1117 1306 1184; x_wconf 85' lang='lat' dir='ltr'>insidiis</span> 
     </span>
     <span class='ocr_line' id='line_1_10' title="bbox 271 1219 1306 1303; baseline 0.001 -19"><span class='ocrx_word' id='word_1_70' title='bbox 271 1221 392 1285; x_wconf 83' lang='lat' dir='ltr'>futuros</span> <span class='ocrx_word' id='word_1_71' title='bbox 415 1221 641 1302; x_wconf 85' lang='lat' dir='ltr'>existimarent,</span> <span class='ocrx_word' id='word_1_72' title='bbox 669 1221 791 1303; x_wconf 84' lang='lat' dir='ltr'>legatos</span> <span class='ocrx_word' id='word_1_73' title='bbox 818 1219 851 1283; x_wconf 92' lang='lat' dir='ltr'>in</span> <span class='ocrx_word' id='word_1_74' title='bbox 874 1219 1058 1303; x_wconf 89' lang='lat' dir='ltr'>Bithyniam</span> <span class='ocrx_word' id='word_1_75' title='bbox 1081 1219 1244 1302; x_wconf 92' lang='lat' dir='ltr'>miserunt,</span> <span class='ocrx_word' id='word_1_76' title='bbox 1270 1221 1306 1285; x_wconf 94' lang='lat' dir='ltr'>in</span> 
     </span>
     <span class='ocr_line' id='line_1_11' title="bbox 272 1322 1303 1412; baseline 0 -24"><span class='ocrx_word' id='word_1_77' title='bbox 272 1325 318 1412; x_wconf 84' lang='lat' dir='ltr'>eis</span> <span class='ocrx_word' id='word_1_78' title='bbox 340 1323 562 1404; x_wconf 89' lang='lat' dir='ltr'>Flamininum,</span> <span class='ocrx_word' id='word_1_79' title='bbox 586 1323 641 1405; x_wconf 90' lang='lat' dir='ltr'>qui</span> <span class='ocrx_word' id='word_1_80' title='bbox 663 1325 704 1388; x_wconf 89' lang='lat' dir='ltr'>ab</span> <span class='ocrx_word' id='word_1_81' title='bbox 720 1342 797 1407; x_wconf 88' lang='lat' dir='ltr'>rege</span> <span class='ocrx_word' id='word_1_82' title='bbox 811 1329 964 1405; x_wconf 91' lang='lat' dir='ltr'>peterent,</span> <span class='ocrx_word' id='word_1_83' title='bbox 987 1342 1029 1386; x_wconf 89' lang='lat' dir='ltr'>ne</span> <span class='ocrx_word' id='word_1_84' title='bbox 1051 1322 1303 1388; x_wconf 83' lang='lat' dir='ltr'>inimicissimum</span> 
     </span>
     <span class='ocr_line' id='line_1_12' title="bbox 238 1424 1304 1508; baseline 0 -18"><span class='ocrx_word' id='word_1_85' title='bbox 238 1446 362 1498; x_wconf 70' lang='lat' dir='ltr'>esuum</span> <span class='ocrx_word' id='word_1_86' title='bbox 384 1445 491 1490; x_wconf 90' lang='lat' dir='ltr'>seeum</span> <span class='ocrx_word' id='word_1_87' title='bbox 512 1425 645 1491; x_wconf 88' lang='lat' dir='ltr'>haberet</span> <span class='ocrx_word' id='word_1_88' title='bbox 667 1426 791 1508; x_wconf 90' lang='lat' dir='ltr'>sibique</span> <span class='ocrx_word' id='word_1_89' title='bbox 806 1424 944 1489; x_wconf 88' lang='lat' dir='ltr'>dederet.</span> <span class='ocrx_word' id='word_1_90' title='bbox 972 1425 1030 1488; x_wconf 91' lang='lat' dir='ltr'>His</span> <span class='ocrx_word' id='word_1_91' title='bbox 1052 1425 1163 1490; x_wconf 89' lang='lat' dir='ltr'>Prusia</span> <span class='ocrx_word' id='word_1_92' title='bbox 1186 1445 1304 1508; x_wconf 87' lang='lat' dir='ltr'>negare</span> 
     </span>
     <span class='ocr_line' id='line_1_13' title="bbox 270 1527 1304 1618; baseline 0 -26"><span class='ocrx_word' id='word_1_93' title='bbox 270 1547 365 1593; x_wconf 90' lang='lat' dir='ltr'>ausus</span> <span class='ocrx_word' id='word_1_94' title='bbox 388 1549 450 1592; x_wconf 91' lang='lat' dir='ltr'>non</span> <span class='ocrx_word' id='word_1_95' title='bbox 474 1535 535 1594; x_wconf 91' lang='lat' dir='ltr'>est:</span> <span class='ocrx_word' id='word_1_96' title='bbox 563 1528 641 1594; x_wconf 91' lang='lat' dir='ltr'>illud</span> <span class='ocrx_word' id='word_1_97' title='bbox 662 1529 828 1609; x_wconf 82' lang='lat' dir='ltr'>recusavit,</span> <span class='ocrx_word' id='word_1_98' title='bbox 856 1547 898 1618; x_wconf 91' lang='lat' dir='ltr'>ne</span> <span class='ocrx_word' id='word_1_99' title='bbox 919 1527 953 1591; x_wconf 91' lang='lat' dir='ltr'>id</span> <span class='ocrx_word' id='word_1_100' title='bbox 975 1548 996 1593; x_wconf 85' lang='lat' dir='ltr'>a</span> <span class='ocrx_word' id='word_1_101' title='bbox 1022 1547 1057 1594; x_wconf 89' lang='lat' dir='ltr'>se</span> <span class='ocrx_word' id='word_1_102' title='bbox 1078 1527 1147 1592; x_wconf 87' lang='lat' dir='ltr'>fieri</span> <span class='ocrx_word' id='word_1_103' title='bbox 1169 1530 1304 1611; x_wconf 91' lang='lat' dir='ltr'>postula-</span> 
     </span>
     <span class='ocr_line' id='line_1_14' title="bbox 271 1629 1303 1715; baseline 0 -21"><span class='ocrx_word' id='word_1_104' title='bbox 271 1638 350 1711; x_wconf 92' lang='lat' dir='ltr'>rent,</span> <span class='ocrx_word' id='word_1_105' title='bbox 378 1629 461 1713; x_wconf 92' lang='lat' dir='ltr'>quod</span> <span class='ocrx_word' id='word_1_106' title='bbox 483 1630 637 1696; x_wconf 88' lang='lat' dir='ltr'>adversus</span> <span class='ocrx_word' id='word_1_107' title='bbox 659 1631 708 1696; x_wconf 91' lang='lat' dir='ltr'>ius</span> <span class='ocrx_word' id='word_1_108' title='bbox 730 1631 857 1715; x_wconf 90' lang='lat' dir='ltr'>hospitii</span> <span class='ocrx_word' id='word_1_109' title='bbox 886 1636 983 1696; x_wconf 90' lang='lat' dir='ltr'>esset:</span> <span class='ocrx_word' id='word_1_110' title='bbox 1011 1630 1082 1714; x_wconf 90' lang='lat' dir='ltr'>ipsi,</span> <span class='ocrx_word' id='word_1_111' title='bbox 1111 1630 1138 1696; x_wconf 89' lang='lat' dir='ltr'>si</span> <span class='ocrx_word' id='word_1_112' title='bbox 1163 1639 1303 1714; x_wconf 86' lang='lat' dir='ltr'>possent,</span> 
     </span>
     <span class='ocr_line' id='line_1_15' title="bbox 272 1733 1302 1818; baseline 0.003 -21"><span class='ocrx_word' id='word_1_113' title='bbox 272 1733 587 1818; x_wconf 71' lang='lat' dir='ltr'>comprehenderent,</span> <span class='ocrx_word' id='word_1_114' title='bbox 623 1735 739 1816; x_wconf 84' lang='lat' dir='ltr'>losum,</span> <span class='ocrx_word' id='word_1_115' title='bbox 770 1734 824 1799; x_wconf 93' lang='lat' dir='ltr'>ubi</span> <span class='ocrx_word' id='word_1_116' title='bbox 857 1740 953 1814; x_wconf 90' lang='lat' dir='ltr'>esset,</span> <span class='ocrx_word' id='word_1_117' title='bbox 987 1734 1081 1797; x_wconf 86' lang='lat' dir='ltr'>facile</span> <span class='ocrx_word' id='word_1_118' title='bbox 1109 1734 1302 1800; x_wconf 73' lang='lat' dir='ltr'>inventuros,</span> 
     </span>
     <span class='ocr_line' id='line_1_16' title="bbox 271 1837 1304 1920; baseline 0.005 -21"><span class='ocrx_word' id='word_1_119' title='bbox 271 1837 431 1902; x_wconf 87' lang='lat' dir='ltr'>Hannibal</span> <span class='ocrx_word' id='word_1_120' title='bbox 454 1838 538 1901; x_wconf 95' lang='lat' dir='ltr'>enim</span> <span class='ocrx_word' id='word_1_121' title='bbox 560 1857 623 1902; x_wconf 91' lang='lat' dir='ltr'>uno</span> <span class='ocrx_word' id='word_1_122' title='bbox 645 1838 713 1902; x_wconf 86' lang='lat' dir='ltr'>loeo</span> <span class='ocrx_word' id='word_1_123' title='bbox 737 1857 771 1902; x_wconf 92' lang='lat' dir='ltr'>se</span> <span class='ocrx_word' id='word_1_124' title='bbox 793 1838 933 1918; x_wconf 89' lang='lat' dir='ltr'>tenebat,</span> <span class='ocrx_word' id='word_1_125' title='bbox 955 1837 990 1902; x_wconf 94' lang='lat' dir='ltr'>in</span> <span class='ocrx_word' id='word_1_126' title='bbox 1012 1837 1150 1920; x_wconf 83' lang='lat' dir='ltr'>castello,</span> <span class='ocrx_word' id='word_1_127' title='bbox 1174 1837 1258 1920; x_wconf 91' lang='lat' dir='ltr'>quod</span> <span class='ocrx_word' id='word_1_128' title='bbox 1274 1839 1304 1904; x_wconf 88' lang='lat' dir='ltr'>ei</span> 
     </span>
     <span class='ocr_line' id='line_1_17' title="bbox 269 1925 1305 2023; baseline 0.002 -20"><span class='ocrx_word' id='word_1_129' title='bbox 269 1925 387 2023; x_wconf 55' lang='lat' dir='ltr'>a&#39;rege</span> <span class='ocrx_word' id='word_1_130' title='bbox 409 1939 518 2003; x_wconf 89' lang='lat' dir='ltr'>datum</span> <span class='ocrx_word' id='word_1_131' title='bbox 541 1947 608 2004; x_wconf 90' lang='lat' dir='ltr'>erat</span> <span class='ocrx_word' id='word_1_132' title='bbox 631 1941 761 2020; x_wconf 90' lang='lat' dir='ltr'>muneri,</span> <span class='ocrx_word' id='word_1_133' title='bbox 785 1938 880 2021; x_wconf 93' lang='lat' dir='ltr'>idque</span> <span class='ocrx_word' id='word_1_134' title='bbox 902 1939 948 2004; x_wconf 90' lang='lat' dir='ltr'>sie</span> <span class='ocrx_word' id='word_1_135' title='bbox 969 1938 1161 2022; x_wconf 86' lang='lat' dir='ltr'>aedificarat,</span> <span class='ocrx_word' id='word_1_136' title='bbox 1184 1947 1219 2005; x_wconf 93' lang='lat' dir='ltr'>ut</span> <span class='ocrx_word' id='word_1_137' title='bbox 1240 1961 1305 2005; x_wconf 92' lang='lat' dir='ltr'>om-</span> 
     </span>
     <span class='ocr_line' id='line_1_18' title="bbox 269 2041 1302 2126; baseline 0.003 -21"><span class='ocrx_word' id='word_1_138' title='bbox 269 2042 362 2106; x_wconf 92' lang='lat' dir='ltr'>nibus</span> <span class='ocrx_word' id='word_1_139' title='bbox 392 2043 534 2126; x_wconf 91' lang='lat' dir='ltr'>partibus</span> <span class='ocrx_word' id='word_1_140' title='bbox 560 2041 698 2107; x_wconf 79' lang='lat' dir='ltr'>aedificii</span> <span class='ocrx_word' id='word_1_141' title='bbox 724 2043 829 2108; x_wconf 87' lang='lat' dir='ltr'>exitus</span> <span class='ocrx_word' id='word_1_142' title='bbox 857 2042 997 2124; x_wconf 89' lang='lat' dir='ltr'>baberet,</span> <span class='ocrx_word' id='word_1_143' title='bbox 1029 2043 1148 2108; x_wconf 89' lang='lat' dir='ltr'>soilieet</span> <span class='ocrx_word' id='word_1_144' title='bbox 1177 2063 1302 2125; x_wconf 89' lang='lat' dir='ltr'>verens,</span> 
     </span>
     <span class='ocr_line' id='line_1_19' title="bbox 236 2144 1304 2230; baseline 0.006 -24"><span class='ocrx_word' id='word_1_145' title='bbox 236 2167 253 2215; x_wconf 86' lang='lat'>4</span> <span class='ocrx_word' id='word_1_146' title='bbox 271 2165 311 2208; x_wconf 91' lang='lat' dir='ltr'>ne</span> <span class='ocrx_word' id='word_1_147' title='bbox 333 2164 393 2210; x_wconf 93' lang='lat' dir='ltr'>usu</span> <span class='ocrx_word' id='word_1_148' title='bbox 413 2145 545 2225; x_wconf 84' lang='lat' dir='ltr'>veniret,</span> <span class='ocrx_word' id='word_1_149' title='bbox 570 2144 653 2226; x_wconf 91' lang='lat' dir='ltr'>quod</span> <span class='ocrx_word' id='word_1_150' title='bbox 675 2144 799 2210; x_wconf 89' lang='lat' dir='ltr'>aeeidit.</span> <span class='ocrx_word' id='word_1_151' title='bbox 844 2146 915 2210; x_wconf 89' lang='lat' dir='ltr'>Huo</span> <span class='ocrx_word' id='word_1_152' title='bbox 938 2165 1009 2209; x_wconf 88' lang='lat' dir='ltr'>eum</span> <span class='ocrx_word' id='word_1_153' title='bbox 1030 2146 1127 2230; x_wconf 84' lang='lat' dir='ltr'>legati</span> <span class='ocrx_word' id='word_1_154' title='bbox 1148 2147 1304 2212; x_wconf 86' lang='lat' dir='ltr'>Romano·</span> 
     </span>
     <span class='ocr_line' id='line_1_20' title="bbox 269 2247 1304 2314; baseline 0.003 -4"><span class='ocrx_word' id='word_1_155' title='bbox 269 2267 338 2311; x_wconf 91' lang='lat' dir='ltr'>rum</span> <span class='ocrx_word' id='word_1_156' title='bbox 364 2247 527 2312; x_wconf 89' lang='lat' dir='ltr'>venissent</span> <span class='ocrx_word' id='word_1_157' title='bbox 554 2267 592 2311; x_wconf 87' lang='lat' dir='ltr'>ae</span> <span class='ocrx_word' id='word_1_158' title='bbox 618 2247 820 2313; x_wconf 88' lang='lat' dir='ltr'>multitudine</span> <span class='ocrx_word' id='word_1_159' title='bbox 843 2247 969 2312; x_wconf 92' lang='lat' dir='ltr'>domum</span> <span class='ocrx_word' id='word_1_160' title='bbox 993 2247 1060 2312; x_wconf 90' lang='lat' dir='ltr'>eius</span> <span class='ocrx_word' id='word_1_161' title='bbox 1084 2248 1304 2314; x_wconf 79' lang='lat' dir='ltr'>circumdedis-</span> 
     </span>
     <span class='ocr_line' id='line_1_21' title="bbox 269 2349 1303 2436; baseline 0.004 -22"><span class='ocrx_word' id='word_1_162' title='bbox 269 2356 349 2430; x_wconf 86' lang='lat' dir='ltr'>sent,</span> <span class='ocrx_word' id='word_1_163' title='bbox 381 2369 458 2433; x_wconf 90' lang='lat' dir='ltr'>puer</span> <span class='ocrx_word' id='word_1_164' title='bbox 483 2351 524 2414; x_wconf 88' lang='lat' dir='ltr'>ab</span> <span class='ocrx_word' id='word_1_165' title='bbox 552 2349 649 2414; x_wconf 85' lang='lat' dir='ltr'>ianua</span> <span class='ocrx_word' id='word_1_166' title='bbox 675 2351 870 2434; x_wconf 81' lang='lat' dir='ltr'>prospiciens</span> <span class='ocrx_word' id='word_1_167' title='bbox 892 2351 1063 2416; x_wconf 87' lang='lat' dir='ltr'>Hannibali</span> <span class='ocrx_word' id='word_1_168' title='bbox 1092 2349 1174 2415; x_wconf 82' lang='lat' dir='ltr'>dixit</span> <span class='ocrx_word' id='word_1_169' title='bbox 1195 2353 1303 2436; x_wconf 88' lang='lat' dir='ltr'>plures</span> 
     </span>
     <span class='ocr_line' id='line_1_22' title="bbox 269 2453 1302 2537; baseline 0.003 -21"><span class='ocrx_word' id='word_1_170' title='bbox 269 2459 393 2535; x_wconf 89' lang='lat' dir='ltr'>praeter</span> <span class='ocrx_word' id='word_1_171' title='bbox 422 2453 680 2530; x_wconf 81' lang='lat' dir='ltr'>consuetudinem</span> <span class='ocrx_word' id='word_1_172' title='bbox 710 2461 848 2536; x_wconf 87' lang='lat' dir='ltr'>armatos</span> <span class='ocrx_word' id='word_1_173' title='bbox 880 2473 1041 2537; x_wconf 89' lang='lat' dir='ltr'>apparere.</span> <span class='ocrx_word' id='word_1_174' title='bbox 1088 2454 1146 2519; x_wconf 79' lang='lat' dir='ltr'>Oui</span> <span class='ocrx_word' id='word_1_175' title='bbox 1173 2455 1224 2519; x_wconf 92' lang='lat' dir='ltr'>ille</span> <span class='ocrx_word' id='word_1_176' title='bbox 1246 2455 1302 2519; x_wconf 94' lang='lat' dir='ltr'>im-</span> 
     </span>
     <span class='ocr_line' id='line_1_23' title="bbox 269 2555 1303 2640; baseline 0.004 -21"><span class='ocrx_word' id='word_1_177' title='bbox 269 2556 399 2639; x_wconf 87' lang='lat' dir='ltr'>peravit,</span> <span class='ocrx_word' id='word_1_178' title='bbox 429 2563 464 2620; x_wconf 87' lang='lat' dir='ltr'>ut</span> <span class='ocrx_word' id='word_1_179' title='bbox 491 2575 600 2621; x_wconf 90' lang='lat' dir='ltr'>omnes</span> <span class='ocrx_word' id='word_1_180' title='bbox 627 2556 709 2621; x_wconf 86' lang='lat' dir='ltr'>fores</span> <span class='ocrx_word' id='word_1_181' title='bbox 736 2555 873 2620; x_wconf 90' lang='lat' dir='ltr'>aedifieii</span> <span class='ocrx_word' id='word_1_182' title='bbox 901 2556 1077 2620; x_wconf 90' lang='lat' dir='ltr'>eireumiret</span> <span class='ocrx_word' id='word_1_183' title='bbox 1102 2564 1142 2620; x_wconf 81' lang='lat' dir='ltr'>ao</span> <span class='ocrx_word' id='word_1_184' title='bbox 1168 2577 1303 2640; x_wconf 86' lang='lat' dir='ltr'>propere</span> 
     </span>
     <span class='ocr_line' id='line_1_24' title="bbox 269 2656 1299 2740; baseline 0.005 -19"><span class='ocrx_word' id='word_1_185' title='bbox 269 2658 328 2722; x_wconf 89' lang='lat' dir='ltr'>sibi</span> <span class='ocrx_word' id='word_1_186' title='bbox 357 2659 526 2740; x_wconf 89' lang='lat' dir='ltr'>nuntiaret,</span> <span class='ocrx_word' id='word_1_187' title='bbox 556 2679 633 2723; x_wconf 90' lang='lat' dir='ltr'>num</span> <span class='ocrx_word' id='word_1_188' title='bbox 663 2657 774 2725; x_wconf 88' lang='lat' dir='ltr'>eodem</span> <span class='ocrx_word' id='word_1_189' title='bbox 802 2656 896 2723; x_wconf 92' lang='lat' dir='ltr'>modo</span> <span class='ocrx_word' id='word_1_190' title='bbox 926 2657 1065 2740; x_wconf 89' lang='lat' dir='ltr'>undique</span> <span class='ocrx_word' id='word_1_191' title='bbox 1094 2659 1299 2726; x_wconf 84' lang='lat' dir='ltr'>obsideretur.</span> 
     </span>
     <span class='ocr_line' id='line_1_25' title="bbox 235 2760 1301 2844; baseline 0.005 -21"><span class='ocrx_word' id='word_1_192' title='bbox 235 2761 349 2833; x_wconf 79' lang='lat' dir='ltr'>5Puer</span> <span class='ocrx_word' id='word_1_193' title='bbox 376 2781 446 2825; x_wconf 88' lang='lat' dir='ltr'>eum</span> <span class='ocrx_word' id='word_1_194' title='bbox 475 2761 626 2842; x_wconf 85' lang='lat' dir='ltr'>celeriter,</span> <span class='ocrx_word' id='word_1_195' title='bbox 658 2760 734 2843; x_wconf 92' lang='lat' dir='ltr'>quid</span> <span class='ocrx_word' id='word_1_196' title='bbox 764 2769 857 2843; x_wconf 89' lang='lat' dir='ltr'>esset,</span> <span class='ocrx_word' id='word_1_197' title='bbox 888 2761 1099 2825; x_wconf 88' lang='lat' dir='ltr'>renuntiasset</span> <span class='ocrx_word' id='word_1_198' title='bbox 1129 2781 1301 2844; x_wconf 89' lang='lat' dir='ltr'>omnesque</span> 
     </span>
     <span class='ocr_line' id='line_1_26' title="bbox 179 2853 1298 2947; baseline 0.003 -22"><span class='ocrx_word' id='word_1_199' title='bbox 179 2853 183 2862; x_wconf 83' lang='lat'>&#39;</span> <span class='ocrx_word' id='word_1_200' title='bbox 269 2863 372 2927; x_wconf 83' lang='lat' dir='ltr'>exitus</span> <span class='ocrx_word' id='word_1_201' title='bbox 386 2870 554 2947; x_wconf 89' lang='lat' dir='ltr'>oeeupatos</span> <span class='ocrx_word' id='word_1_202' title='bbox 570 2863 769 2944; x_wconf 90' lang='lat' dir='ltr'>ostendisset,</span> <span class='ocrx_word' id='word_1_203' title='bbox 786 2864 883 2929; x_wconf 84' lang='lat' dir='ltr'>sensit</span> <span class='ocrx_word' id='word_1_204' title='bbox 898 2862 932 2927; x_wconf 90' lang='lat' dir='ltr'>id</span> <span class='ocrx_word' id='word_1_205' title='bbox 947 2883 1011 2928; x_wconf 93' lang='lat' dir='ltr'>non</span> <span class='ocrx_word' id='word_1_206' title='bbox 1026 2862 1153 2928; x_wconf 84' lang='lat' dir='ltr'>fortuito</span> <span class='ocrx_word' id='word_1_207' title='bbox 1168 2863 1298 2947; x_wconf 76' lang='lat' dir='ltr'>laeum,</span> 
     </span>
     <span class='ocr_line' id='line_1_27' title="bbox 268 2964 1297 3050; baseline 0.004 -21"><span class='ocrx_word' id='word_1_208' title='bbox 268 2964 324 3029; x_wconf 89' lang='lat' dir='ltr'>sed</span> <span class='ocrx_word' id='word_1_209' title='bbox 350 2985 385 3031; x_wconf 91' lang='lat' dir='ltr'>se</span> <span class='ocrx_word' id='word_1_210' title='bbox 410 2966 476 3049; x_wconf 89' lang='lat' dir='ltr'>peti</span> <span class='ocrx_word' id='word_1_211' title='bbox 502 2985 606 3049; x_wconf 91' lang='lat' dir='ltr'>neque</span> <span class='ocrx_word' id='word_1_212' title='bbox 633 2966 694 3032; x_wconf 90' lang='lat' dir='ltr'>sibi</span> <span class='ocrx_word' id='word_1_213' title='bbox 720 2964 837 3050; x_wconf 83' lang='lat' dir='ltr'>diutius</span> <span class='ocrx_word' id='word_1_214' title='bbox 863 2967 962 3031; x_wconf 80' lang='lat' dir='ltr'>vitam</span> <span class='ocrx_word' id='word_1_215' title='bbox 990 2985 1059 3032; x_wconf 89' lang='lat' dir='ltr'>esse</span> <span class='ocrx_word' id='word_1_216' title='bbox 1089 2966 1297 3034; x_wconf 89' lang='lat' dir='ltr'>retinendam.</span> 
     </span>
     <span class='ocr_line' id='line_1_28' title="bbox 269 3068 1299 3154; baseline 0.003 -22"><span class='ocrx_word' id='word_1_217' title='bbox 269 3068 371 3143; x_wconf 81' lang='lat' dir='ltr'>Quam</span> <span class='ocrx_word' id='word_1_218' title='bbox 400 3089 441 3133; x_wconf 92' lang='lat' dir='ltr'>ne</span> <span class='ocrx_word' id='word_1_219' title='bbox 469 3070 574 3134; x_wconf 90' lang='lat' dir='ltr'>alieno</span> <span class='ocrx_word' id='word_1_220' title='bbox 604 3069 732 3135; x_wconf 90' lang='lat' dir='ltr'>arbitrio</span> <span class='ocrx_word' id='word_1_221' title='bbox 754 3069 923 3148; x_wconf 90' lang='lat' dir='ltr'>amitteret,</span> <span class='ocrx_word' id='word_1_222' title='bbox 952 3089 1072 3134; x_wconf 92' lang='lat' dir='ltr'>memor</span> <span class='ocrx_word' id='word_1_223' title='bbox 1096 3069 1299 3154; x_wconf 87' lang='lat' dir='ltr'>pristinarum</span> 
     </span>
     <span class='ocr_line' id='line_1_29' title="bbox 267 3171 1297 3264; baseline 0.002 -31"><span class='ocrx_word' id='word_1_224' title='bbox 267 3171 417 3235; x_wconf 87' lang='lat' dir='ltr'>virtutum</span> <span class='ocrx_word' id='word_1_225' title='bbox 438 3191 606 3252; x_wconf 88' lang='lat' dir='ltr'>venenum,</span> <span class='ocrx_word' id='word_1_226' title='bbox 629 3171 713 3264; x_wconf 86' lang='lat' dir='ltr'>quod</span> <span class='ocrx_word' id='word_1_227' title='bbox 728 3191 852 3257; x_wconf 91' lang='lat' dir='ltr'>semper</span> <span class='ocrx_word' id='word_1_228' title='bbox 867 3191 974 3237; x_wconf 89' lang='lat' dir='ltr'>seeum</span> <span class='ocrx_word' id='word_1_229' title='bbox 988 3172 1106 3238; x_wconf 88' lang='lat' dir='ltr'>habere</span> <span class='ocrx_word' id='word_1_230' title='bbox 1122 3183 1297 3254; x_wconf 89' lang='lat' dir='ltr'>oonsuerat,</span> 
     </span>
     <span class='ocr_line' id='line_1_30' title="bbox 267 3274 409 3357; baseline 0.007 -20"><span class='ocrx_word' id='word_1_231' title='bbox 267 3274 409 3357; x_wconf 88' lang='lat' dir='ltr'>sumpsit.</span> 
     </span>
     <span class='ocr_line' id='line_1_31' title="bbox 215 3376 1298 3462; baseline 0.004 -22"><span class='ocrx_word' id='word_1_232' title='bbox 215 3395 250 3450; x_wconf 82' lang='lat'>13</span> <span class='ocrx_word' id='word_1_233' title='bbox 370 3376 422 3441; x_wconf 77' lang='lat' dir='ltr'>Sie</span> <span class='ocrx_word' id='word_1_234' title='bbox 443 3377 492 3441; x_wconf 89' lang='lat' dir='ltr'>vir</span> <span class='ocrx_word' id='word_1_235' title='bbox 513 3376 710 3459; x_wconf 83' lang='lat' dir='ltr'>fortissimus,</span> <span class='ocrx_word' id='word_1_236' title='bbox 738 3379 844 3443; x_wconf 91' lang='lat' dir='ltr'>multis</span> <span class='ocrx_word' id='word_1_237' title='bbox 870 3378 1030 3460; x_wconf 88' lang='lat' dir='ltr'>variisque</span> <span class='ocrx_word' id='word_1_238' title='bbox 1051 3377 1233 3462; x_wconf 82' lang='lat' dir='ltr'>perfunctus</span> <span class='ocrx_word' id='word_1_239' title='bbox 1255 3379 1298 3444; x_wconf 88' lang='lat' dir='ltr'>la-</span> 
     </span>
     <span class='ocr_line' id='line_1_32' title="bbox 267 3479 1298 3565; baseline 0.003 -22"><span class='ocrx_word' id='word_1_240' title='bbox 267 3479 404 3560; x_wconf 91' lang='lat' dir='ltr'>boribus,</span> <span class='ocrx_word' id='word_1_241' title='bbox 427 3500 511 3544; x_wconf 90' lang='lat' dir='ltr'>anno</span> <span class='ocrx_word' id='word_1_242' title='bbox 533 3481 692 3562; x_wconf 83' lang='lat' dir='ltr'>acquievit</span> <span class='ocrx_word' id='word_1_243' title='bbox 714 3482 912 3565; x_wconf 83' lang='lat' dir='ltr'>sexagesimo</span> <span class='ocrx_word' id='word_1_244' title='bbox 928 3482 1027 3545; x_wconf 90' lang='lat' dir='ltr'>tertio.</span> <span class='ocrx_word' id='word_1_245' title='bbox 1052 3479 1172 3556; x_wconf 79' lang='lat' dir='ltr'>Quibus</span> <span class='ocrx_word' id='word_1_246' title='bbox 1188 3500 1298 3546; x_wconf 89' lang='lat' dir='ltr'>oonsu-</span> 
     </span>
    </p>
   </div>
   <div class='ocr_carea' id='block_1_3' title="bbox 8 3583 1297 3672">
    <p class='ocr_par' dir='ltr' id='par_1_3' title="bbox 8 3583 1297 3672">
     <span class='ocr_line' id='line_1_33' title="bbox 8 3583 1297 3672; baseline 0.004 -27"><span class='ocrx_word' id='word_1_247' title='bbox 8 3643 9 3672; x_wconf 13' lang='grc' dir='ltr'>ἒ</span> <span class='ocrx_word' id='word_1_248' title='bbox 113 3619 213 3660; x_wconf 56' lang='lat' dir='ltr'>pm,</span> <span class='ocrx_word' id='word_1_249' title='bbox 266 3583 349 3648; x_wconf 90' lang='lat' dir='ltr'>libus</span> <span class='ocrx_word' id='word_1_250' title='bbox 364 3583 525 3663; x_wconf 89' lang='lat' dir='ltr'>interierit,</span> <span class='ocrx_word' id='word_1_251' title='bbox 549 3603 612 3648; x_wconf 92' lang='lat' dir='ltr'>non</span> <span class='ocrx_word' id='word_1_252' title='bbox 628 3585 783 3649; x_wconf 89' lang='lat' dir='ltr'>eonvenit.</span> <span class='ocrx_word' id='word_1_253' title='bbox 812 3585 957 3666; x_wconf 90' lang='lat' dir='ltr'>Namque</span> <span class='ocrx_word' id='word_1_254' title='bbox 972 3584 1095 3648; x_wconf 84' lang='lat' dir='ltr'>Atticus</span> <span class='ocrx_word' id='word_1_255' title='bbox 1109 3584 1150 3648; x_wconf 91' lang='lat' dir='ltr'>M.</span> <span class='ocrx_word' id='word_1_256' title='bbox 1164 3584 1297 3650; x_wconf 79' lang='lat' dir='ltr'>Claudio</span> 
     </span>
    </p>
   </div>
   <div class='ocr_carea' id='block_1_4' title="bbox 267 3684 1297 3762">
    <p class='ocr_par' dir='ltr' id='par_1_4' title="bbox 267 3684 1297 3762">
     <span class='ocr_line' id='line_1_34' title="bbox 267 3684 1297 3762; baseline 0.002 -12"><span class='ocrx_word' id='word_1_257' title='bbox 267 3687 412 3751; x_wconf 86' lang='lat' dir='ltr'>llareello</span> <span class='ocrx_word' id='word_1_258' title='bbox 435 3684 473 3762; x_wconf 81' lang='lat' dir='ltr'>Q.</span> <span class='ocrx_word' id='word_1_259' title='bbox 497 3687 596 3752; x_wconf 87' lang='lat' dir='ltr'>Fabio</span> <span class='ocrx_word' id='word_1_260' title='bbox 618 3687 766 3753; x_wconf 89' lang='lat' dir='ltr'>Labeone</span> <span class='ocrx_word' id='word_1_261' title='bbox 794 3688 974 3754; x_wconf 83' lang='lat' dir='ltr'>oonsulibus</span> <span class='ocrx_word' id='word_1_262' title='bbox 1000 3695 1155 3752; x_wconf 88' lang='lat' dir='ltr'>mortuum</span> <span class='ocrx_word' id='word_1_263' title='bbox 1181 3689 1214 3752; x_wconf 92' lang='lat' dir='ltr'>in</span> <span class='ocrx_word' id='word_1_264' title='bbox 1241 3708 1297 3752; x_wconf 87' lang='lat' dir='ltr'>an-</span> 
     </span>
    </p>
   </div>
   <div class='ocr_carea' id='block_1_5' title="bbox 9 3775 1296 3875">
    <p class='ocr_par' dir='ltr' id='par_1_5' title="bbox 9 3775 1296 3875">
     <span class='ocr_line' id='line_1_35' title="bbox 9 3775 1296 3875; baseline 0 -21"><span class='ocrx_word' id='word_1_265' title='bbox 9 3849 10 3864; x_wconf 71' lang='lat'>,</span> <span class='ocrx_word' id='word_1_266' title='bbox 114 3775 212 3863; x_wconf 45' lang='lat'>¹233?</span> <span class='ocrx_word' id='word_1_267' title='bbox 267 3790 330 3854; x_wconf 85' lang='lat' dir='ltr'>nali</span> <span class='ocrx_word' id='word_1_268' title='bbox 353 3809 409 3855; x_wconf 91' lang='lat' dir='ltr'>suo</span> <span class='ocrx_word' id='word_1_269' title='bbox 432 3789 582 3872; x_wconf 84' lang='lat' dir='ltr'>seriptum</span> <span class='ocrx_word' id='word_1_270' title='bbox 604 3790 737 3872; x_wconf 91' lang='lat' dir='ltr'>reliquit,</span> <span class='ocrx_word' id='word_1_271' title='bbox 761 3797 793 3854; x_wconf 90' lang='lat' dir='ltr'>at</span> <span class='ocrx_word' id='word_1_272' title='bbox 816 3791 967 3875; x_wconf 89' lang='lat' dir='ltr'>Polybius</span> <span class='ocrx_word' id='word_1_273' title='bbox 989 3792 1024 3855; x_wconf 92' lang='lat' dir='ltr'>L.</span> <span class='ocrx_word' id='word_1_274' title='bbox 1040 3792 1174 3855; x_wconf 87' lang='lat' dir='ltr'>Aemilio</span> <span class='ocrx_word' id='word_1_275' title='bbox 1197 3791 1296 3854; x_wconf 88' lang='lat' dir='ltr'>Panlo</span> 
     </span>
    </p>
   </div>
   <div class='ocr_carea' id='block_1_6' title="bbox 0 0 1450 4196">
    <p class='ocr_par' dir='ltr' id='par_1_6' title="bbox 0 0 1450 4196">
     <span class='ocr_line' id='line_1_36' title="bbox 0 0 1450 4196; baseline 0 4"><span class='ocrx_word' id='word_1_276' title='bbox 0 0 1450 4196; x_wconf 95' lang='lat' dir='ltr'> </span> 
     </span>
    </p>
   </div>
  </div>
 </body>
</html>
