2934 4192
253 201 332 255 XIII.
351 197 572 254 TIMOTHEUS.
591 201 616 253 4.
652 196 731 250 XIV.
749 194 940 250 DATAMES.
962 198 984 251 1.
997 199 1022 251 2.
1115 179 1156 242 47

119 375 176 441 sed
207 375 303 440 etiam
333 373 367 437 in
398 371 443 436 eis
473 373 578 450 lason,
608 377 764 454 tyrannus
793 367 987 450 Thessaliae,
1023 369 1076 452 qui
1105 370 1157 434 illo

118 488 262 563 tempore
288 477 349 542 fuit
378 475 518 541 omnium
548 473 792 559 potentissimus.
839 471 871 536 Is
898 491 969 536 cum
995 472 1029 536 in
1055 473 1194 556 patrias

118 583 187 648 sine
212 579 399 646 satellitibus
421 584 524 642 tutum
546 596 581 642 se
603 596 667 640 non
689 575 903 656 arbitraretur,
926 574 1070 642 Athenas
1090 575 1158 642 sine

118 686 182 750 ullo
212 682 370 770 praesidio
400 682 488 746 venit
518 681 661 762 tantique
687 678 843 763 hospitem
869 677 960 760 fecit,
991 685 1025 742 ut
1052 679 1160 744 mallet

119 809 153 854 se
177 787 290 873 capitis
311 785 485 870 periculum
505 783 593 847 adire
614 802 708 864 quam
722 781 889 846 Timotheo
909 781 949 846 de
967 781 1055 846 fama
1070 781 1158 847 dimi-

120 891 205 957 canti
222 889 342 955 deesse.
378 886 443 953 Sed
462 893 568 952 tamen
589 885 742 950 adversus
762 904 834 950 eum
848 883 1033 950 Timotheus
1048 893 1159 970 postea

118 993 229 1078 populi
261 993 349 1058 iussu
383 991 500 1055 bellum
532 990 641 1074 gessit,
679 989 862 1073 patriaeque
896 988 1055 1054 sanctiora
1090 991 1159 1055 iura

120 1117 215 1181 quam
237 1095 365 1179 hospitii
388 1113 458 1159 esse
481 1092 581 1159 duxit.

224 1200 314 1263 Haec
344 1204 487 1262 extrema
519 1195 580 1260 fuit
612 1201 701 1260 aetas
734 1195 958 1278 imperatorum
988 1195 1195 1262 Athenien-4

119 1304 212 1383 sium,
237 1300 414 1386 Iphicratis
439 1298 605 1379 Chabriae,
628 1296 803 1382 Timothei3
826 1318 930 1380 neque
949 1300 1157 1382 pastillorum

120 1406 241 1471 obitum
264 1404 430 1487 quisquam
452 1401 519 1466 dux
541 1402 575 1466 in
598 1401 652 1465 illa
674 1401 751 1465 urbe
773 1399 833 1465 fuit
859 1400 976 1484 dignus
997 1403 1156 1468 memoria.

119 1509 222 1574 Venio
251 1526 337 1571 nunc
366 1505 408 1570 ad
438 1505 643 1571 fortissimum
673 1504 775 1582 virum
809 1505 1003 1588 maximique
1036 1505 1194 1570 cousihis

119 1612 260 1677 omnium
282 1609 488 1675 barbarorum
515 1607 660 1693 exceptis
687 1606 809 1672 duobus
833 1606 1157 1691 Carthaginiensibus,

119 1714 301 1793 Hamilcare
328 1719 360 1777 et
381 1711 571 1777 Hannibale.
617 1710 666 1774 De
694 1730 755 1793 quo
781 1710 841 1775 hoc
862 1711 953 1795 plura
974 1709 1194 1792 1·eferemus,e

119 1815 205 1902 quod
239 1822 271 1880 et
303 1814 484 1880 obscuriora
516 1820 589 1879 sunt
620 1813 688 1878 eius
716 1819 808 1896 gesta
838 1820 870 1878 et
899 1833 947 1894 ea,
981 1833 1062 1896 quae
1091 1834 1158 1898 pro·

119 1939 213 2005 spere
243 1919 272 1983 ei
298 1923 469 1997 cesserunt,
500 1935 564 1981 non
595 1915 814 2000 magnitudine
842 1917 1011 2000 copiarum,
1041 1917 1100 1981 sed
1124 1918 1158 1982 vi

121 2022 253 2102 consilii,
282 2041 343 2104 quo
366 2027 433 2085 tum
456 2039 565 2084 omnes
593 2019 772 2103 superabat,
799 2019 995 2106 accideruut5
1027 2040 1158 2103 quorum

120 2127 183 2191 nisi
197 2125 278 2190 ratio
294 2122 452 2206 explicata
467 2122 570 2203 fuerit,
586 2142 636 2187 res
651 2122 741 2205 ipsae
755 2142 908 2206 apparere
923 2143 986 2189 non
1001 2131 1156 2208 poterunt.

224 2227 311 2293 XIV.
357 2226 527 2306 Dnnxxss,
565 2233 654 2309 patre
694 2226 868 2306 Camisare,
906 2228 1035 2292 natione
1068 2227 1191 2304 Care,r

122 2339 222 2396 matre
244 2329 409 2414 Scythissa
431 2335 534 2409 natus,
562 2329 663 2412 primo
685 2327 770 2412 apud
791 2330 1003 2394 Artaxerxem
1025 2331 1058 2396 in
1081 2333 1157 2396 mili-

121 2444 189 2501 tum
216 2453 347 2499 numero
377 2432 437 2497 fuit
465 2453 580 2513 eorum,
611 2432 664 2514 qui
693 2432 815 2514 regiam
841 2434 1018 2498 tuebantur.
1064 2435 1159 2500 Pater·

122 2540 190 2604 eius
206 2536 394 2616 Camisares,
419 2535 502 2618 quod
517 2542 549 2600 et
569 2556 665 2600 manu
688 2535 777 2600 fortis
801 2543 832 2600 et
853 2536 936 2601 belle
959 2543 1103 2601 strenuus
1126 2544 1157 2602 et

120 2642 189 2725 regi
211 2640 318 2705 multis
341 2639 418 2704 locis
440 2638 542 2704 fidelis
565 2645 632 2703 erat
654 2646 806 2722 repertus,
829 2639 1023 2723 provinciam
1046 2638 1157 2704 habuit

121 2765 193 2809 eam
231 2749 353 2827 partem
391 2740 626 2826 Cappadociae,
666 2762 760 2824 quam
798 2743 937 2807 incolunt
973 2744 1154 2827 Leucosyri.

119 2849 274 2912 Datames
296 2845 424 2910 militari
446 2865 576 2910 munere
602 2844 740 2929 fungens
762 2846 906 2928 primum,
935 2845 1036 2927 qualis
1064 2853 1155 2926 esset,
1175 2866 1190 2912 2

119 2949 245 3034 aperuit
275 2948 308 3012 in
339 2947 436 3030 bello,
471 2947 554 3031 quod
587 2968 644 3012 rex
677 2946 830 3013 adversus
860 2949 1013 3014 Cadusios
1046 2951 1153 3034 gessit.
1209 2965 1307 3036 saraca

119 3053 268 3134 Namque
295 3051 402 3116 multis
433 3051 559 3116 milibus
588 3051 745 3134 regiorum
774 3051 948 3117 interfectis
977 3053 1086 3136 magni
1114 3053 1156 3117 ad

121 3155 256 3219 salutem
278 3155 469 3236 reliquorum
492 3155 551 3219 fuit
574 3155 640 3220 eius
663 3174 766 3237 opera.
799 3153 868 3230 Quo
890 3156 1008 3220 factum
1032 3164 1089 3238 est,
1111 3164 1156 3237 ut,

121 3258 249 3322 cumin
272 3277 309 3322 eo
332 3257 413 3323 bello
441 3256 606 3322 cecidisset
629 3256 816 3338 Camisares,
846 3264 979 3341 patema
1006 3261 1035 3324 ei
1057 3259 1157 3325 trade-

119 3366 207 3426 retur
234 3360 407 3444 provincia.
453 3360 525 3424 Pari
555 3380 589 3424 se
618 3361 734 3450 virtute
762 3368 873 3445 postea
899 3362 1054 3445 praebuit,
1084 3375 1192 3428 cuma

120 3462 377 3546 Autophradates
406 3462 493 3527 iussu
523 3463 606 3547 regis
633 3462 716 3528 bello
742 3471 982 3548 persequeretur
1009 3485 1072 3546 eos,
1103 3467 1156 3549 qui

121 3565 313 3630 defecerant.
359 3567 506 3647 Namque
529 3565 596 3630 eius
618 3586 714 3650 opera
736 3566 851 3651 hostes,
875 3587 946 3632 cum
968 3575 1071 3634 castra
1093 3569 1154 3633 iam

119 3671 302 3749 intrassent,
324 3667 483 3753 profligati
502 3675 575 3734 sunt
595 3669 814 3753 exercitusque
833 3671 939 3753 regius
955 3677 1157 3736 conservatus

120 3778 179 3838 est.
215 3769 285 3846 Qua
307 3792 348 3836 ex
371 3792 405 3836 re
428 3772 597 3838 maioribus
620 3774 713 3838 rebus
736 3793 883 3856 praeesse
906 3775 1017 3858 coepit.
