<?xml version="1.0" encoding="UTF-8"?>
<!DOCTYPE html PUBLIC "-//W3C//DTD XHTML 1.0 Transitional//EN"
    "http://www.w3.org/TR/xhtml1/DTD/xhtml1-transitional.dtd">
<html xmlns="http://www.w3.org/1999/xhtml" xml:lang="en" lang="en">
 <head>
  <title>
</title>
<meta http-equiv="Content-Type" content="text/html;charset=utf-8" />
  <meta name='ocr-system' content='tesseract 3.04.00' />
  <meta name='ocr-capabilities' content='ocr_page ocr_carea ocr_par ocr_line ocrx_word'/>
</head>
<body>
  <div class='ocr_page' id='page_1' title='image "./vitae00nepogoog_0034.png"; bbox 0 0 2934 4192; ppageno 0'>
   <div class='ocr_carea' id='block_1_1' title="bbox 299 193 1026 268">
    <p class='ocr_par' dir='ltr' id='par_1_1' title="bbox 299 193 1026 268">
     <span class='ocr_line' id='line_1_1' title="bbox 299 193 1026 268; baseline 0.012 -11"><span class='ocrx_word' id='word_1_1' title='bbox 299 193 339 258; x_wconf 93' lang='lat'><strong>10</strong></span> <span class='ocrx_word' id='word_1_2' title='bbox 600 210 636 265; x_wconf 93' lang='lat' dir='ltr'><strong>II.</strong></span> <span class='ocrx_word' id='word_1_3' title='bbox 655 209 939 266; x_wconf 74' lang='lat' dir='ltr'><strong>Tfluulssoonss.</strong></span> <span class='ocrx_word' id='word_1_4' title='bbox 958 214 983 268; x_wconf 88' lang='lat'><strong>5.</strong></span> <span class='ocrx_word' id='word_1_5' title='bbox 1002 214 1026 267; x_wconf 88' lang='lat'><strong>6.</strong></span> 
     </span>
    </p>
   </div>
   <div class='ocr_carea' id='block_1_2' title="bbox 296 382 1441 468">
    <p class='ocr_par' dir='ltr' id='par_1_2' title="bbox 296 382 1441 468">
     <span class='ocr_line' id='line_1_2' title="bbox 296 382 1441 468; baseline -0.003 -21"><span class='ocrx_word' id='word_1_6' title='bbox 296 382 473 449; x_wconf 88' lang='lat' dir='ltr'><strong>abeodem</strong></span> <span class='ocrx_word' id='word_1_7' title='bbox 495 382 596 466; x_wconf 88' lang='lat' dir='ltr'><strong>gradu</strong></span> <span class='ocrx_word' id='word_1_8' title='bbox 618 382 767 468; x_wconf 89' lang='lat' dir='ltr'><strong>depulsus</strong></span> <span class='ocrx_word' id='word_1_9' title='bbox 789 390 846 450; x_wconf 89' lang='lat' dir='ltr'><strong>est.</strong></span> <span class='ocrx_word' id='word_1_10' title='bbox 891 385 976 450; x_wconf 86' lang='lat' dir='ltr'><strong>Nam</strong></span> <span class='ocrx_word' id='word_1_11' title='bbox 997 383 1225 450; x_wconf 80' lang='lat' dir='ltr'><strong>Themistocles</strong></span> <span class='ocrx_word' id='word_1_12' title='bbox 1251 383 1328 448; x_wconf 90' lang='lat' dir='ltr'><strong>veri·</strong></span> <span class='ocrx_word' id='word_1_13' title='bbox 1419 387 1441 424; x_wconf 73' lang='lat'><strong>&#39;³</strong></span> 
     </span>
    </p>
   </div>
   <div class='ocr_carea' id='block_1_3' title="bbox 297 485 1330 677">
    <p class='ocr_par' dir='ltr' id='par_1_3' title="bbox 297 485 1330 677">
     <span class='ocr_line' id='line_1_3' title="bbox 297 485 1327 572; baseline -0.002 -21"><span class='ocrx_word' id='word_1_14' title='bbox 297 493 356 568; x_wconf 92' lang='lat' dir='ltr'><strong>tus,</strong></span> <span class='ocrx_word' id='word_1_15' title='bbox 380 506 421 552; x_wconf 93' lang='lat' dir='ltr'><strong>ne</strong></span> <span class='ocrx_word' id='word_1_16' title='bbox 443 487 560 552; x_wconf 85' lang='lat' dir='ltr'><strong>bellare</strong></span> <span class='ocrx_word' id='word_1_17' title='bbox 581 493 807 572; x_wconf 82' lang='lat' dir='ltr'><strong>perseueraret,</strong></span> <span class='ocrx_word' id='word_1_18' title='bbox 831 487 994 553; x_wconf 77' lang='lat' dir='ltr'><strong>certiorem</strong></span> <span class='ocrx_word' id='word_1_19' title='bbox 1018 506 1091 553; x_wconf 91' lang='lat' dir='ltr'><strong>cum</strong></span> <span class='ocrx_word' id='word_1_20' title='bbox 1112 486 1188 553; x_wconf 86' lang='lat' dir='ltr'><strong>fecit</strong></span> <span class='ocrx_word' id='word_1_21' title='bbox 1209 485 1244 551; x_wconf 93' lang='lat' dir='ltr'><strong>id</strong></span> <span class='ocrx_word' id='word_1_22' title='bbox 1264 486 1327 570; x_wconf 88' lang='lat' dir='ltr'><strong>agi,</strong></span> 
     </span>
     <span class='ocr_line' id='line_1_4' title="bbox 297 589 1330 677; baseline -0.001 -22"><span class='ocrx_word' id='word_1_23' title='bbox 297 595 331 655; x_wconf 91' lang='lat' dir='ltr'><strong>ut</strong></span> <span class='ocrx_word' id='word_1_24' title='bbox 352 610 442 675; x_wconf 89' lang='lat' dir='ltr'><strong>pons,</strong></span> <span class='ocrx_word' id='word_1_25' title='bbox 466 611 559 673; x_wconf 91' lang='lat' dir='ltr'><strong>quem</strong></span> <span class='ocrx_word' id='word_1_26' title='bbox 585 591 638 656; x_wconf 90' lang='lat' dir='ltr'><strong>ille</strong></span> <span class='ocrx_word' id='word_1_27' title='bbox 664 591 699 656; x_wconf 93' lang='lat' dir='ltr'><strong>in</strong></span> <span class='ocrx_word' id='word_1_28' title='bbox 720 591 924 677; x_wconf 83' lang='lat' dir='ltr'>Hellesponto</span> <span class='ocrx_word' id='word_1_29' title='bbox 952 590 1080 674; x_wconf 77' lang='lat' dir='ltr'><strong>fecerat,</strong></span> <span class='ocrx_word' id='word_1_30' title='bbox 1107 589 1330 656; x_wconf 80' lang='lat' dir='ltr'><strong>dissolveretur</strong></span> 
     </span>
    </p>
   </div>
   <div class='ocr_carea' id='block_1_4' title="bbox 263 692 1442 779">
    <p class='ocr_par' dir='ltr' id='par_1_4' title="bbox 263 692 1442 779">
     <span class='ocr_line' id='line_1_5' title="bbox 263 692 1442 779; baseline 0.007 -27"><span class='ocrx_word' id='word_1_31' title='bbox 263 703 335 758; x_wconf 76' lang='lat' dir='ltr'><strong>sac</strong></span> <span class='ocrx_word' id='word_1_32' title='bbox 349 692 453 759; x_wconf 89' lang='lat' dir='ltr'><strong>reditu</strong></span> <span class='ocrx_word' id='word_1_33' title='bbox 467 692 501 758; x_wconf 91' lang='lat' dir='ltr'><strong>in</strong></span> <span class='ocrx_word' id='word_1_34' title='bbox 515 693 624 760; x_wconf 86' lang='lat' dir='ltr'><strong>Asiam</strong></span> <span class='ocrx_word' id='word_1_35' title='bbox 648 694 877 777; x_wconf 76' lang='lat' dir='ltr'><strong>excluderetur,</strong></span> <span class='ocrx_word' id='word_1_36' title='bbox 899 695 996 778; x_wconf 87' lang='lat' dir='ltr'><strong>idque</strong></span> <span class='ocrx_word' id='word_1_37' title='bbox 1018 694 1048 760; x_wconf 93' lang='lat' dir='ltr'><strong>ei</strong></span> <span class='ocrx_word' id='word_1_38' title='bbox 1069 693 1234 779; x_wconf 80' lang='lat' dir='ltr'><strong>persuasit.</strong></span> <span class='ocrx_word' id='word_1_39' title='bbox 1268 695 1329 758; x_wconf 90' lang='lat' dir='ltr'><strong>Ita-</strong></span> <span class='ocrx_word' id='word_1_40' title='bbox 1441 719 1442 760; x_wconf 87' lang='grc' dir='ltr'>ι</span> 
     </span>
    </p>
   </div>
   <div class='ocr_carea' id='block_1_5' title="bbox 141 796 1333 3787">
    <p class='ocr_par' dir='ltr' id='par_1_5' title="bbox 263 796 1330 1506">
     <span class='ocr_line' id='line_1_6' title="bbox 297 796 1330 881; baseline 0.002 -19"><span class='ocrx_word' id='word_1_41' title='bbox 297 817 367 880; x_wconf 87' lang='lat' dir='ltr'><strong>que,</strong></span> <span class='ocrx_word' id='word_1_42' title='bbox 394 817 458 881; x_wconf 91' lang='lat' dir='ltr'><strong>qua</strong></span> <span class='ocrx_word' id='word_1_43' title='bbox 480 803 627 880; x_wconf 89' lang='lat' dir='ltr'><strong>quattuor</strong></span> <span class='ocrx_word' id='word_1_44' title='bbox 648 799 810 864; x_wconf 91' lang='lat' dir='ltr'><strong>mensibus</strong></span> <span class='ocrx_word' id='word_1_45' title='bbox 838 798 899 864; x_wconf 92' lang='lat' dir='ltr'><strong>iter</strong></span> <span class='ocrx_word' id='word_1_46' title='bbox 927 799 1054 880; x_wconf 86' lang='lat' dir='ltr'><strong>fecerat,</strong></span> <span class='ocrx_word' id='word_1_47' title='bbox 1085 796 1197 864; x_wconf 87' lang='lat' dir='ltr'><strong>eadem</strong></span> <span class='ocrx_word' id='word_1_48' title='bbox 1225 798 1330 864; x_wconf 88' lang='lat' dir='ltr'><strong>minus</strong></span> 
     </span>
     <span class='ocr_line' id='line_1_7' title="bbox 297 900 1329 985; baseline 0.001 -21"><span class='ocrx_word' id='word_1_49' title='bbox 297 901 409 967; x_wconf 87' lang='lat' dir='ltr'><strong>diebus</strong></span> <span class='ocrx_word' id='word_1_50' title='bbox 430 902 527 966; x_wconf 86' lang='lat' dir='ltr'><strong>XXX</strong></span> <span class='ocrx_word' id='word_1_51' title='bbox 541 903 575 967; x_wconf 91' lang='lat' dir='ltr'><strong>in</strong></span> <span class='ocrx_word' id='word_1_52' title='bbox 591 901 699 967; x_wconf 80' lang='lat' dir='ltr'><strong>Asiam</strong></span> <span class='ocrx_word' id='word_1_53' title='bbox 721 902 852 968; x_wconf 87' lang='lat' dir='ltr'><strong>revertit</strong></span> <span class='ocrx_word' id='word_1_54' title='bbox 873 921 971 985; x_wconf 89' lang='lat' dir='ltr'><strong>seque</strong></span> <span class='ocrx_word' id='word_1_55' title='bbox 992 923 1013 968; x_wconf 91' lang='lat' dir='ltr'><strong>a</strong></span> <span class='ocrx_word' id='word_1_56' title='bbox 1033 900 1244 968; x_wconf 83' lang='lat' dir='ltr'><strong>Themistocle</strong></span> <span class='ocrx_word' id='word_1_57' title='bbox 1265 922 1329 966; x_wconf 91' lang='lat' dir='ltr'><strong>nou</strong></span> 
     </span>
     <span class='ocr_line' id='line_1_8' title="bbox 263 1004 1330 1091; baseline 0 -21"><span class='ocrx_word' id='word_1_58' title='bbox 263 1012 279 1060; x_wconf 83' lang='grc'>3</span> <span class='ocrx_word' id='word_1_59' title='bbox 297 1010 488 1089; x_wconf 89' lang='lat' dir='ltr'><strong>superatum,</strong></span> <span class='ocrx_word' id='word_1_60' title='bbox 511 1004 569 1072; x_wconf 90' lang='lat' dir='ltr'><strong>sed</strong></span> <span class='ocrx_word' id='word_1_61' title='bbox 590 1012 809 1071; x_wconf 86' lang='lat' dir='ltr'><strong>conservatum</strong></span> <span class='ocrx_word' id='word_1_62' title='bbox 824 1005 983 1072; x_wconf 89' lang='lat' dir='ltr'><strong>iudicavit.</strong></span> <span class='ocrx_word' id='word_1_63' title='bbox 1011 1006 1064 1074; x_wconf 85' lang='lat' dir='ltr'><strong>Sic</strong></span> <span class='ocrx_word' id='word_1_64' title='bbox 1078 1006 1171 1072; x_wconf 89' lang='lat' dir='ltr'><strong>unius</strong></span> <span class='ocrx_word' id='word_1_65' title='bbox 1186 1006 1246 1072; x_wconf 86' lang='lat' dir='ltr'><strong>viri</strong></span> <span class='ocrx_word' id='word_1_66' title='bbox 1259 1026 1330 1091; x_wconf 92' lang='lat' dir='ltr'><strong>pru-</strong></span> 
     </span>
     <span class='ocr_line' id='line_1_9' title="bbox 297 1108 1328 1195; baseline 0 -22"><span class='ocrx_word' id='word_1_67' title='bbox 297 1108 406 1174; x_wconf 89' lang='lat' dir='ltr'><strong>dentia</strong></span> <span class='ocrx_word' id='word_1_68' title='bbox 432 1109 565 1175; x_wconf 80' lang='lat' dir='ltr'><strong>Graecia</strong></span> <span class='ocrx_word' id='word_1_69' title='bbox 590 1110 723 1175; x_wconf 86' lang='lat' dir='ltr'><strong>hberata</strong></span> <span class='ocrx_word' id='word_1_70' title='bbox 750 1115 798 1176; x_wconf 90' lang='lat' dir='ltr'><strong>est</strong></span> <span class='ocrx_word' id='word_1_71' title='bbox 823 1110 1031 1195; x_wconf 84' lang='lat' dir='ltr'><strong>Europaeque</strong></span> <span class='ocrx_word' id='word_1_72' title='bbox 1057 1109 1222 1176; x_wconf 89' lang='lat' dir='ltr'><strong>succubuit</strong></span> <span class='ocrx_word' id='word_1_73' title='bbox 1242 1109 1328 1175; x_wconf 88' lang='lat' dir='ltr'><strong>Asia.</strong></span> 
     </span>
     <span class='ocr_line' id='line_1_10' title="bbox 297 1213 1330 1298; baseline 0.002 -22"><span class='ocrx_word' id='word_1_74' title='bbox 297 1213 385 1277; x_wconf 90' lang='lat' dir='ltr'><strong>Haec</strong></span> <span class='ocrx_word' id='word_1_75' title='bbox 411 1213 510 1279; x_wconf 86' lang='lat' dir='ltr'><strong>altera</strong></span> <span class='ocrx_word' id='word_1_76' title='bbox 536 1213 675 1295; x_wconf 87' lang='lat' dir='ltr'><strong>victoria,</strong></span> <span class='ocrx_word' id='word_1_77' title='bbox 704 1233 785 1296; x_wconf 87' lang='lat' dir='ltr'><strong>quae</strong></span> <span class='ocrx_word' id='word_1_78' title='bbox 812 1234 883 1279; x_wconf 90' lang='lat' dir='ltr'><strong>cum</strong></span> <span class='ocrx_word' id='word_1_79' title='bbox 910 1213 1106 1280; x_wconf 89' lang='lat' dir='ltr'><strong>Marathonio</strong></span> <span class='ocrx_word' id='word_1_80' title='bbox 1129 1213 1229 1298; x_wconf 88' lang='lat' dir='ltr'><strong>possit</strong></span> <span class='ocrx_word' id='word_1_81' title='bbox 1250 1233 1330 1278; x_wconf 91' lang='lat' dir='ltr'><strong>com·</strong></span> 
     </span>
     <span class='ocr_line' id='line_1_11' title="bbox 297 1316 1330 1404; baseline 0 -23"><span class='ocrx_word' id='word_1_82' title='bbox 297 1316 401 1400; x_wconf 89' lang='lat' dir='ltr'><strong>parari</strong></span> <span class='ocrx_word' id='word_1_83' title='bbox 426 1322 563 1402; x_wconf 89' lang='lat' dir='ltr'><strong>tropaeo.</strong></span> <span class='ocrx_word' id='word_1_84' title='bbox 609 1317 693 1382; x_wconf 89' lang='lat' dir='ltr'><strong>Nam</strong></span> <span class='ocrx_word' id='word_1_85' title='bbox 719 1317 787 1402; x_wconf 89' lang='lat' dir='ltr'><strong>pari</strong></span> <span class='ocrx_word' id='word_1_86' title='bbox 814 1317 907 1384; x_wconf 91' lang='lat' dir='ltr'><strong>modo</strong></span> <span class='ocrx_word' id='word_1_87' title='bbox 933 1317 1020 1404; x_wconf 89' lang='lat' dir='ltr'><strong>apud</strong></span> <span class='ocrx_word' id='word_1_88' title='bbox 1046 1317 1207 1384; x_wconf 88' lang='lat' dir='ltr'><strong>Salamina</strong></span> <span class='ocrx_word' id='word_1_89' title='bbox 1231 1336 1330 1400; x_wconf 86' lang='lat' dir='ltr'><strong>parvo</strong></span> 
     </span>
     <span class='ocr_line' id='line_1_12' title="bbox 297 1420 1330 1506; baseline 0.002 -22"><span class='ocrx_word' id='word_1_90' title='bbox 297 1439 427 1485; x_wconf 90' lang='lat' dir='ltr'><strong>numero</strong></span> <span class='ocrx_word' id='word_1_91' title='bbox 453 1420 582 1487; x_wconf 88' lang='lat' dir='ltr'><strong>navium</strong></span> <span class='ocrx_word' id='word_1_92' title='bbox 609 1421 750 1487; x_wconf 87' lang='lat' dir='ltr'><strong>maxima</strong></span> <span class='ocrx_word' id='word_1_93' title='bbox 771 1428 843 1506; x_wconf 92' lang='lat' dir='ltr'><strong>post</strong></span> <span class='ocrx_word' id='word_1_94' title='bbox 864 1420 1028 1488; x_wconf 91' lang='lat' dir='ltr'><strong>hominum</strong></span> <span class='ocrx_word' id='word_1_95' title='bbox 1049 1421 1232 1487; x_wconf 87' lang='lat' dir='ltr'><strong>memoriam</strong></span> <span class='ocrx_word' id='word_1_96' title='bbox 1254 1420 1330 1486; x_wconf 91' lang='lat' dir='ltr'><strong>clas·</strong></span> 
     </span>
    </p>

    <p class='ocr_par' dir='ltr' id='par_1_6' title="bbox 141 1523 1333 3787">
     <span class='ocr_line' id='line_1_13' title="bbox 298 1523 569 1591; baseline 0 -1"><span class='ocrx_word' id='word_1_97' title='bbox 298 1524 342 1590; x_wconf 93' lang='lat' dir='ltr'><strong>sis</strong></span> <span class='ocrx_word' id='word_1_98' title='bbox 365 1530 414 1590; x_wconf 89' lang='lat' dir='ltr'><strong>est</strong></span> <span class='ocrx_word' id='word_1_99' title='bbox 435 1523 569 1591; x_wconf 87' lang='lat' dir='ltr'><strong>devicta.</strong></span> 
     </span>
     <span class='ocr_line' id='line_1_14' title="bbox 262 1627 1330 1712; baseline -0.002 -18"><span class='ocrx_word' id='word_1_100' title='bbox 262 1627 280 1680; x_wconf 74' lang='lat'><strong>(3</strong></span> <span class='ocrx_word' id='word_1_101' title='bbox 401 1629 537 1712; x_wconf 86' lang='lat' dir='ltr'><strong>Magnus</strong></span> <span class='ocrx_word' id='word_1_102' title='bbox 551 1627 611 1694; x_wconf 88' lang='lat' dir='ltr'><strong>hoc</strong></span> <span class='ocrx_word' id='word_1_103' title='bbox 625 1629 707 1694; x_wconf 90' lang='lat' dir='ltr'><strong>bello</strong></span> <span class='ocrx_word' id='word_1_104' title='bbox 722 1627 949 1695; x_wconf 81' lang='lat' dir='ltr'><strong>Themistocles</strong></span> <span class='ocrx_word' id='word_1_105' title='bbox 968 1628 1028 1694; x_wconf 87' lang='lat' dir='ltr'><strong>fuit</strong></span> <span class='ocrx_word' id='word_1_106' title='bbox 1049 1648 1152 1712; x_wconf 89' lang='lat' dir='ltr'><strong>nequo</strong></span> <span class='ocrx_word' id='word_1_107' title='bbox 1174 1628 1275 1694; x_wconf 90' lang='lat' dir='ltr'><strong>minor</strong></span> <span class='ocrx_word' id='word_1_108' title='bbox 1296 1627 1330 1692; x_wconf 92' lang='lat' dir='ltr'><strong>in</strong></span> 
     </span>
     <span class='ocr_line' id='line_1_15' title="bbox 298 1731 1329 1817; baseline 0.002 -23"><span class='ocrx_word' id='word_1_109' title='bbox 298 1750 386 1815; x_wconf 88' lang='lat' dir='ltr'><strong>pace.</strong></span> <span class='ocrx_word' id='word_1_110' title='bbox 433 1732 512 1798; x_wconf 82' lang='lat' dir='ltr'><strong>Cum</strong></span> <span class='ocrx_word' id='word_1_111' title='bbox 539 1731 624 1798; x_wconf 88' lang='lat' dir='ltr'><strong>enim</strong></span> <span class='ocrx_word' id='word_1_112' title='bbox 645 1731 810 1798; x_wconf 86' lang='lat' dir='ltr'><strong>Phalerico</strong></span> <span class='ocrx_word' id='word_1_113' title='bbox 836 1737 928 1816; x_wconf 87' lang='lat' dir='ltr'><strong>portu</strong></span> <span class='ocrx_word' id='word_1_114' title='bbox 954 1752 1058 1816; x_wconf 89' lang='lat' dir='ltr'><strong>neque</strong></span> <span class='ocrx_word' id='word_1_115' title='bbox 1084 1753 1200 1817; x_wconf 84' lang='lat' dir='ltr'><strong>magno</strong></span> <span class='ocrx_word' id='word_1_116' title='bbox 1226 1751 1329 1814; x_wconf 92' lang='lat' dir='ltr'><strong>neque</strong></span> 
     </span>
     <span class='ocr_line' id='line_1_16' title="bbox 141 1834 1330 1922; baseline 0.001 -24"><span class='ocrx_word' id='word_1_117' title='bbox 141 1875 245 1916; x_wconf 53' lang='lat'><strong>4⁸24„</strong></span> <span class='ocrx_word' id='word_1_118' title='bbox 298 1834 381 1901; x_wconf 94' lang='lat' dir='ltr'><strong>bono</strong></span> <span class='ocrx_word' id='word_1_119' title='bbox 398 1835 611 1902; x_wconf 88' lang='lat' dir='ltr'><strong>Athenienses</strong></span> <span class='ocrx_word' id='word_1_120' title='bbox 632 1842 803 1917; x_wconf 90' lang='lat' dir='ltr'><strong>uterentur,</strong></span> <span class='ocrx_word' id='word_1_121' title='bbox 827 1835 919 1901; x_wconf 90' lang='lat' dir='ltr'><strong>huius</strong></span> <span class='ocrx_word' id='word_1_122' title='bbox 942 1836 1072 1902; x_wconf 91' lang='lat' dir='ltr'><strong>consilio</strong></span> <span class='ocrx_word' id='word_1_123' title='bbox 1093 1836 1208 1922; x_wconf 86' lang='lat' dir='ltr'><strong>triplex</strong></span> <span class='ocrx_word' id='word_1_124' title='bbox 1225 1834 1330 1900; x_wconf 87' lang='lat' dir='ltr'><strong>Piraei</strong></span> 
     </span>
     <span class='ocr_line' id='line_1_17' title="bbox 161 1938 1329 2023; baseline 0 -21"><span class='ocrx_word' id='word_1_125' title='bbox 161 1942 226 1984; x_wconf 66' lang='lat' dir='ltr'><strong>acu.</strong></span> <span class='ocrx_word' id='word_1_126' title='bbox 298 1945 407 2023; x_wconf 92' lang='lat' dir='ltr'><strong>portus</strong></span> <span class='ocrx_word' id='word_1_127' title='bbox 432 1941 619 2006; x_wconf 88' lang='lat' dir='ltr'><strong>constitutus</strong></span> <span class='ocrx_word' id='word_1_128' title='bbox 646 1945 695 2006; x_wconf 87' lang='lat' dir='ltr'><strong>est</strong></span> <span class='ocrx_word' id='word_1_129' title='bbox 721 1939 830 2022; x_wconf 90' lang='lat' dir='ltr'><strong>eisque</strong></span> <span class='ocrx_word' id='word_1_130' title='bbox 855 1939 1021 2005; x_wconf 91' lang='lat' dir='ltr'><strong>moenibus</strong></span> <span class='ocrx_word' id='word_1_131' title='bbox 1047 1938 1271 2021; x_wconf 88' lang='lat' dir='ltr'><strong>circumdatus,</strong></span> <span class='ocrx_word' id='word_1_132' title='bbox 1295 1945 1329 2003; x_wconf 93' lang='lat' dir='ltr'><strong>ut</strong></span> 
     </span>
     <span class='ocr_line' id='line_1_18' title="bbox 297 2043 1327 2128; baseline 0 -22"><span class='ocrx_word' id='word_1_133' title='bbox 297 2043 400 2126; x_wconf 88' lang='lat' dir='ltr'><strong>ipsam</strong></span> <span class='ocrx_word' id='word_1_134' title='bbox 426 2043 537 2109; x_wconf 91' lang='lat' dir='ltr'><strong>urbem</strong></span> <span class='ocrx_word' id='word_1_135' title='bbox 563 2043 717 2128; x_wconf 85' lang='lat' dir='ltr'><strong>dignitate</strong></span> <span class='ocrx_word' id='word_1_136' title='bbox 743 2043 970 2127; x_wconf 88' lang='lat' dir='ltr'><strong>aequiperaret,</strong></span> <span class='ocrx_word' id='word_1_137' title='bbox 1002 2043 1136 2108; x_wconf 89' lang='lat' dir='ltr'><strong>utilitate</strong></span> <span class='ocrx_word' id='word_1_138' title='bbox 1158 2049 1327 2128; x_wconf 88' lang='lat' dir='ltr'><strong>superaret.</strong></span> 
     </span>
     <span class='ocr_line' id='line_1_19' title="bbox 142 2146 1330 2231; baseline 0 -20"><span class='ocrx_word' id='word_1_139' title='bbox 142 2182 245 2225; x_wconf 48' lang='lat' dir='ltr'><strong>,meg</strong></span> <span class='ocrx_word' id='word_1_140' title='bbox 266 2163 281 2211; x_wconf 80' lang='lat' dir='ltr'><strong>a</strong></span> <span class='ocrx_word' id='word_1_141' title='bbox 300 2147 389 2212; x_wconf 91' lang='lat' dir='ltr'><strong>Idem</strong></span> <span class='ocrx_word' id='word_1_142' title='bbox 416 2167 521 2213; x_wconf 90' lang='lat' dir='ltr'><strong>muros</strong></span> <span class='ocrx_word' id='word_1_143' title='bbox 546 2146 788 2213; x_wconf 86' lang='lat' dir='ltr'><strong>Atheniensium</strong></span> <span class='ocrx_word' id='word_1_144' title='bbox 814 2147 950 2212; x_wconf 90' lang='lat' dir='ltr'><strong>restituit</strong></span> <span class='ocrx_word' id='word_1_145' title='bbox 975 2147 1143 2231; x_wconf 88' lang='lat' dir='ltr'><strong>praecipuo</strong></span> <span class='ocrx_word' id='word_1_146' title='bbox 1170 2166 1226 2212; x_wconf 91' lang='lat' dir='ltr'><strong>suo</strong></span> <span class='ocrx_word' id='word_1_147' title='bbox 1251 2147 1330 2231; x_wconf 88' lang='lat' dir='ltr'><strong>peri-</strong></span> 
     </span>
     <span class='ocr_line' id='line_1_20' title="bbox 299 2250 1330 2336; baseline 0 -22"><span class='ocrx_word' id='word_1_148' title='bbox 299 2251 376 2316; x_wconf 92' lang='lat' dir='ltr'><strong>culo.</strong></span> <span class='ocrx_word' id='word_1_149' title='bbox 400 2252 546 2334; x_wconf 88' lang='lat' dir='ltr'><strong>Namque</strong></span> <span class='ocrx_word' id='word_1_150' title='bbox 557 2250 801 2316; x_wconf 86' lang='lat' dir='ltr'><strong>Lacedaemonii</strong></span> <span class='ocrx_word' id='word_1_151' title='bbox 813 2269 940 2335; x_wconf 87' lang='lat' dir='ltr'><strong>causam</strong></span> <span class='ocrx_word' id='word_1_152' title='bbox 950 2250 1096 2316; x_wconf 87' lang='lat' dir='ltr'><strong>idoneam</strong></span> <span class='ocrx_word' id='word_1_153' title='bbox 1108 2250 1193 2316; x_wconf 87' lang='lat' dir='ltr'><strong>nacti</strong></span> <span class='ocrx_word' id='word_1_154' title='bbox 1203 2257 1330 2336; x_wconf 89' lang='lat' dir='ltr'><strong>propter</strong></span> 
     </span>
     <span class='ocr_line' id='line_1_21' title="bbox 298 2351 1330 2439; baseline 0.002 -22"><span class='ocrx_word' id='word_1_155' title='bbox 298 2355 502 2420; x_wconf 87' lang='lat' dir='ltr'><strong>barbarorum</strong></span> <span class='ocrx_word' id='word_1_156' title='bbox 524 2351 736 2436; x_wconf 85' lang='lat' dir='ltr'><strong>excursiones,</strong></span> <span class='ocrx_word' id='word_1_157' title='bbox 760 2373 823 2437; x_wconf 89' lang='lat' dir='ltr'><strong>qua</strong></span> <span class='ocrx_word' id='word_1_158' title='bbox 844 2360 998 2438; x_wconf 89' lang='lat' dir='ltr'><strong>negarent</strong></span> <span class='ocrx_word' id='word_1_159' title='bbox 1013 2359 1156 2439; x_wconf 90' lang='lat' dir='ltr'><strong>oportere</strong></span> <span class='ocrx_word' id='word_1_160' title='bbox 1171 2360 1261 2418; x_wconf 87' lang='lat' dir='ltr'><strong>extra</strong></span> <span class='ocrx_word' id='word_1_161' title='bbox 1276 2355 1330 2419; x_wconf 89' lang='lat' dir='ltr'><strong>Pe-</strong></span> 
     </span>
     <span class='ocr_line' id='line_1_22' title="bbox 297 2456 1331 2542; baseline -0.001 -19"><span class='ocrx_word' id='word_1_162' title='bbox 297 2458 503 2542; x_wconf 90' lang='lat' dir='ltr'><strong>loponnesum</strong></span> <span class='ocrx_word' id='word_1_163' title='bbox 522 2459 619 2523; x_wconf 89' lang='lat' dir='ltr'><strong>ullam</strong></span> <span class='ocrx_word' id='word_1_164' title='bbox 640 2459 751 2524; x_wconf 89' lang='lat' dir='ltr'><strong>urbem</strong></span> <span class='ocrx_word' id='word_1_165' title='bbox 773 2458 900 2524; x_wconf 88' lang='lat' dir='ltr'><strong>moenia</strong></span> <span class='ocrx_word' id='word_1_166' title='bbox 921 2456 1048 2539; x_wconf 88' lang='lat' dir='ltr'><strong>hahere,</strong></span> <span class='ocrx_word' id='word_1_167' title='bbox 1071 2477 1112 2522; x_wconf 90' lang='lat' dir='ltr'><strong>ne</strong></span> <span class='ocrx_word' id='word_1_168' title='bbox 1135 2463 1241 2523; x_wconf 89' lang='lat' dir='ltr'><strong>essent</strong></span> <span class='ocrx_word' id='word_1_169' title='bbox 1261 2457 1331 2522; x_wconf 90' lang='lat' dir='ltr'><strong>loca</strong></span> 
     </span>
     <span class='ocr_line' id='line_1_23' title="bbox 299 2560 1330 2646; baseline 0 -20"><span class='ocrx_word' id='word_1_170' title='bbox 299 2563 428 2645; x_wconf 86' lang='lat' dir='ltr'><strong>munita,</strong></span> <span class='ocrx_word' id='word_1_171' title='bbox 452 2582 534 2646; x_wconf 94' lang='lat' dir='ltr'><strong>quae</strong></span> <span class='ocrx_word' id='word_1_172' title='bbox 548 2561 654 2628; x_wconf 89' lang='lat' dir='ltr'><strong>hostes</strong></span> <span class='ocrx_word' id='word_1_173' title='bbox 668 2561 877 2646; x_wconf 89' lang='lat' dir='ltr'><strong>possiderent,</strong></span> <span class='ocrx_word' id='word_1_174' title='bbox 900 2560 1112 2627; x_wconf 88' lang='lat' dir='ltr'><strong>Athenienses</strong></span> <span class='ocrx_word' id='word_1_175' title='bbox 1125 2560 1330 2626; x_wconf 87' lang='lat' dir='ltr'><strong>aedificantes</strong></span> 
     </span>
     <span class='ocr_line' id='line_1_24' title="bbox 265 2664 1331 2751; baseline -0.001 -22"><span class='ocrx_word' id='word_1_176' title='bbox 265 2665 464 2750; x_wconf 79' lang='lat' dir='ltr'><strong>3p1ohibere</strong></span> <span class='ocrx_word' id='word_1_177' title='bbox 487 2672 560 2732; x_wconf 93' lang='lat' dir='ltr'><strong>sunt</strong></span> <span class='ocrx_word' id='word_1_178' title='bbox 582 2666 695 2732; x_wconf 89' lang='lat' dir='ltr'><strong>conati.</strong></span> <span class='ocrx_word' id='word_1_179' title='bbox 741 2667 810 2731; x_wconf 90' lang='lat' dir='ltr'><strong>Hoc</strong></span> <span class='ocrx_word' id='word_1_180' title='bbox 835 2667 929 2749; x_wconf 90' lang='lat' dir='ltr'><strong>longe</strong></span> <span class='ocrx_word' id='word_1_181' title='bbox 959 2666 1020 2731; x_wconf 88' lang='lat' dir='ltr'><strong>alio</strong></span> <span class='ocrx_word' id='word_1_182' title='bbox 1047 2664 1212 2751; x_wconf 89' lang='lat' dir='ltr'><strong>spectabat</strong></span> <span class='ocrx_word' id='word_1_183' title='bbox 1236 2670 1331 2747; x_wconf 88' lang='lat' dir='ltr'><strong>atque</strong></span> 
     </span>
     <span class='ocr_line' id='line_1_25' title="bbox 299 2767 1331 2849; baseline -0.003 -16"><span class='ocrx_word' id='word_1_184' title='bbox 299 2769 400 2834; x_wconf 91' lang='lat' dir='ltr'><strong>videri</strong></span> <span class='ocrx_word' id='word_1_185' title='bbox 414 2771 571 2836; x_wconf 87' lang='lat' dir='ltr'><strong>volebant.</strong></span> <span class='ocrx_word' id='word_1_186' title='bbox 605 2769 818 2835; x_wconf 88' lang='lat' dir='ltr'><strong>Athenienses</strong></span> <span class='ocrx_word' id='word_1_187' title='bbox 834 2770 918 2834; x_wconf 90' lang='lat' dir='ltr'><strong>enim</strong></span> <span class='ocrx_word' id='word_1_188' title='bbox 933 2769 1056 2835; x_wconf 88' lang='lat' dir='ltr'><strong>duabus</strong></span> <span class='ocrx_word' id='word_1_189' title='bbox 1070 2768 1218 2849; x_wconf 82' lang='lat' dir='ltr'><strong>victoriis,</strong></span> <span class='ocrx_word' id='word_1_190' title='bbox 1233 2767 1331 2832; x_wconf 87' lang='lat' dir='ltr'><strong>Mara-</strong></span> 
     </span>
     <span class='ocr_line' id='line_1_26' title="bbox 299 2872 1331 2958; baseline -0.002 -21"><span class='ocrx_word' id='word_1_191' title='bbox 299 2873 408 2939; x_wconf 89' lang='lat' dir='ltr'><strong>thonia</strong></span> <span class='ocrx_word' id='word_1_192' title='bbox 430 2880 462 2940; x_wconf 91' lang='lat' dir='ltr'><strong>et</strong></span> <span class='ocrx_word' id='word_1_193' title='bbox 476 2874 658 2955; x_wconf 86' lang='lat' dir='ltr'><strong>Salaminia,</strong></span> <span class='ocrx_word' id='word_1_194' title='bbox 682 2880 803 2938; x_wconf 90' lang='lat' dir='ltr'><strong>tantam</strong></span> <span class='ocrx_word' id='word_1_195' title='bbox 824 2873 956 2958; x_wconf 85' lang='lat' dir='ltr'><strong>gloriam</strong></span> <span class='ocrx_word' id='word_1_196' title='bbox 979 2872 1065 2958; x_wconf 90' lang='lat' dir='ltr'><strong>apud</strong></span> <span class='ocrx_word' id='word_1_197' title='bbox 1087 2891 1198 2938; x_wconf 88' lang='lat' dir='ltr'><strong>omnes</strong></span> <span class='ocrx_word' id='word_1_198' title='bbox 1219 2877 1331 2955; x_wconf 85' lang='lat' dir='ltr'><strong>gentes</strong></span> 
     </span>
     <span class='ocr_line' id='line_1_27' title="bbox 300 2975 1332 3061; baseline -0.005 -17"><span class='ocrx_word' id='word_1_199' title='bbox 300 2984 389 3044; x_wconf 89' lang='lat' dir='ltr'><strong>erant</strong></span> <span class='ocrx_word' id='word_1_200' title='bbox 411 2978 579 3059; x_wconf 88' lang='lat' dir='ltr'><strong>consecuti,</strong></span> <span class='ocrx_word' id='word_1_201' title='bbox 603 2983 638 3042; x_wconf 92' lang='lat' dir='ltr'><strong>ut</strong></span> <span class='ocrx_word' id='word_1_202' title='bbox 655 2977 877 3061; x_wconf 82' lang='lat' dir='ltr'><strong>intellegerent</strong></span> <span class='ocrx_word' id='word_1_203' title='bbox 890 2976 1134 3042; x_wconf 87' lang='lat' dir='ltr'><strong>Lacedaemonii</strong></span> <span class='ocrx_word' id='word_1_204' title='bbox 1157 2975 1197 3041; x_wconf 89' lang='lat' dir='ltr'><strong>de</strong></span> <span class='ocrx_word' id='word_1_205' title='bbox 1219 2975 1332 3060; x_wconf 91' lang='lat' dir='ltr'><strong>princi-</strong></span> 
     </span>
     <span class='ocr_line' id='line_1_28' title="bbox 265 3077 1332 3166; baseline -0.003 -21"><span class='ocrx_word' id='word_1_206' title='bbox 265 3109 281 3154; x_wconf 79' lang='lat'><strong>4</strong></span> <span class='ocrx_word' id='word_1_207' title='bbox 300 3088 375 3166; x_wconf 87' lang='lat' dir='ltr'><strong>patu</strong></span> <span class='ocrx_word' id='word_1_208' title='bbox 398 3081 458 3147; x_wconf 90' lang='lat' dir='ltr'><strong>sibi</strong></span> <span class='ocrx_word' id='word_1_209' title='bbox 481 3101 552 3146; x_wconf 90' lang='lat' dir='ltr'><strong>cum</strong></span> <span class='ocrx_word' id='word_1_210' title='bbox 575 3081 621 3146; x_wconf 91' lang='lat' dir='ltr'><strong>eis</strong></span> <span class='ocrx_word' id='word_1_211' title='bbox 643 3087 803 3145; x_wconf 89' lang='lat' dir='ltr'><strong>certamen</strong></span> <span class='ocrx_word' id='word_1_212' title='bbox 826 3080 901 3146; x_wconf 86' lang='lat' dir='ltr'><strong>fore.</strong></span> <span class='ocrx_word' id='word_1_213' title='bbox 930 3078 1034 3156; x_wconf 77' lang='lat' dir='ltr'><strong>Quare</strong></span> <span class='ocrx_word' id='word_1_214' title='bbox 1057 3099 1111 3146; x_wconf 90' lang='lat' dir='ltr'><strong>eos</strong></span> <span class='ocrx_word' id='word_1_215' title='bbox 1134 3099 1227 3162; x_wconf 90' lang='lat' dir='ltr'><strong>quam</strong></span> <span class='ocrx_word' id='word_1_216' title='bbox 1249 3077 1332 3142; x_wconf 89' lang='lat' dir='ltr'><strong>infir-</strong></span> 
     </span>
     <span class='ocr_line' id='line_1_29' title="bbox 299 3183 1332 3266; baseline -0.005 -16"><span class='ocrx_word' id='word_1_217' title='bbox 299 3186 455 3252; x_wconf 89' lang='lat' dir='ltr'><strong>missimos</strong></span> <span class='ocrx_word' id='word_1_218' title='bbox 471 3205 540 3251; x_wconf 87' lang='lat' dir='ltr'><strong>esse</strong></span> <span class='ocrx_word' id='word_1_219' title='bbox 554 3184 712 3251; x_wconf 88' lang='lat' dir='ltr'><strong>volebant.</strong></span> <span class='ocrx_word' id='word_1_220' title='bbox 740 3186 911 3266; x_wconf 86' lang='lat' dir='ltr'><strong>Postquam</strong></span> <span class='ocrx_word' id='word_1_221' title='bbox 926 3191 1031 3250; x_wconf 87' lang='lat' dir='ltr'><strong>autem</strong></span> <span class='ocrx_word' id='word_1_222' title='bbox 1046 3183 1213 3248; x_wconf 89' lang='lat' dir='ltr'><strong>audierunt</strong></span> <span class='ocrx_word' id='word_1_223' title='bbox 1228 3202 1332 3246; x_wconf 87' lang='lat' dir='ltr'><strong>muros</strong></span> 
     </span>
     <span class='ocr_line' id='line_1_30' title="bbox 300 3286 1330 3375; baseline -0.005 -21"><span class='ocrx_word' id='word_1_224' title='bbox 300 3289 386 3372; x_wconf 92' lang='lat' dir='ltr'><strong>strui,</strong></span> <span class='ocrx_word' id='word_1_225' title='bbox 420 3290 541 3375; x_wconf 89' lang='lat' dir='ltr'><strong>legatos</strong></span> <span class='ocrx_word' id='word_1_226' title='bbox 570 3289 713 3354; x_wconf 89' lang='lat' dir='ltr'><strong>Athenas</strong></span> <span class='ocrx_word' id='word_1_227' title='bbox 743 3289 904 3368; x_wconf 89' lang='lat' dir='ltr'><strong>miserunt,</strong></span> <span class='ocrx_word' id='word_1_228' title='bbox 936 3288 989 3370; x_wconf 93' lang='lat' dir='ltr'><strong>qui</strong></span> <span class='ocrx_word' id='word_1_229' title='bbox 1017 3286 1052 3352; x_wconf 91' lang='lat' dir='ltr'><strong>id</strong></span> <span class='ocrx_word' id='word_1_230' title='bbox 1080 3286 1149 3352; x_wconf 91' lang='lat' dir='ltr'><strong>fieri</strong></span> <span class='ocrx_word' id='word_1_231' title='bbox 1177 3292 1330 3351; x_wconf 86' lang='lat' dir='ltr'><strong>vetarent.</strong></span> 
     </span>
     <span class='ocr_line' id='line_1_31' title="bbox 300 3389 1332 3477; baseline -0.003 -20"><span class='ocrx_word' id='word_1_232' title='bbox 300 3393 359 3458; x_wconf 90' lang='lat' dir='ltr'><strong>His</strong></span> <span class='ocrx_word' id='word_1_233' title='bbox 377 3394 597 3477; x_wconf 89' lang='lat' dir='ltr'><strong>praesentibus</strong></span> <span class='ocrx_word' id='word_1_234' title='bbox 619 3393 665 3457; x_wconf 94' lang='lat' dir='ltr'><strong>illi</strong></span> <span class='ocrx_word' id='word_1_235' title='bbox 687 3391 855 3458; x_wconf 89' lang='lat' dir='ltr'><strong>aedificare</strong></span> <span class='ocrx_word' id='word_1_236' title='bbox 878 3390 1040 3457; x_wconf 88' lang='lat' dir='ltr'><strong>desierunt</strong></span> <span class='ocrx_word' id='word_1_237' title='bbox 1059 3410 1098 3455; x_wconf 90' lang='lat' dir='ltr'><strong>ac</strong></span> <span class='ocrx_word' id='word_1_238' title='bbox 1119 3410 1154 3456; x_wconf 90' lang='lat' dir='ltr'><strong>se</strong></span> <span class='ocrx_word' id='word_1_239' title='bbox 1175 3389 1216 3454; x_wconf 86' lang='lat' dir='ltr'><strong>de</strong></span> <span class='ocrx_word' id='word_1_240' title='bbox 1239 3409 1277 3454; x_wconf 89' lang='lat' dir='ltr'><strong>ca</strong></span> <span class='ocrx_word' id='word_1_241' title='bbox 1298 3409 1332 3454; x_wconf 89' lang='lat' dir='ltr'><strong>re</strong></span> 
     </span>
     <span class='ocr_line' id='line_1_32' title="bbox 265 3493 1333 3581; baseline -0.003 -21"><span class='ocrx_word' id='word_1_242' title='bbox 265 3497 419 3581; x_wconf 67' lang='lat' dir='ltr'><strong>relegatos</strong></span> <span class='ocrx_word' id='word_1_243' title='bbox 441 3495 483 3561; x_wconf 90' lang='lat' dir='ltr'><strong>ad</strong></span> <span class='ocrx_word' id='word_1_244' title='bbox 506 3515 560 3563; x_wconf 91' lang='lat' dir='ltr'><strong>eos</strong></span> <span class='ocrx_word' id='word_1_245' title='bbox 581 3497 730 3562; x_wconf 90' lang='lat' dir='ltr'><strong>missuros</strong></span> <span class='ocrx_word' id='word_1_246' title='bbox 752 3494 910 3562; x_wconf 88' lang='lat' dir='ltr'><strong>dixerunt.</strong></span> <span class='ocrx_word' id='word_1_247' title='bbox 945 3496 1036 3560; x_wconf 88' lang='lat' dir='ltr'><strong>Hanc</strong></span> <span class='ocrx_word' id='word_1_248' title='bbox 1057 3493 1245 3578; x_wconf 86' lang='lat' dir='ltr'><strong>legationem</strong></span> <span class='ocrx_word' id='word_1_249' title='bbox 1268 3512 1333 3557; x_wconf 91' lang='lat' dir='ltr'><strong>sus-</strong></span> 
     </span>
     <span class='ocr_line' id='line_1_33' title="bbox 299 3593 1332 3685; baseline -0.007 -19"><span class='ocrx_word' id='word_1_250' title='bbox 299 3600 384 3685; x_wconf 86' lang='lat' dir='ltr'><strong>cepit</strong></span> <span class='ocrx_word' id='word_1_251' title='bbox 404 3600 630 3666; x_wconf 83' lang='lat' dir='ltr'><strong>Themistooles</strong></span> <span class='ocrx_word' id='word_1_252' title='bbox 653 3606 685 3666; x_wconf 89' lang='lat' dir='ltr'><strong>et</strong></span> <span class='ocrx_word' id='word_1_253' title='bbox 706 3599 790 3664; x_wconf 91' lang='lat' dir='ltr'><strong>solus</strong></span> <span class='ocrx_word' id='word_1_254' title='bbox 815 3599 915 3684; x_wconf 90' lang='lat' dir='ltr'><strong>primo</strong></span> <span class='ocrx_word' id='word_1_255' title='bbox 941 3598 1099 3682; x_wconf 86' lang='lat' dir='ltr'><strong>profectus</strong></span> <span class='ocrx_word' id='word_1_256' title='bbox 1127 3603 1190 3682; x_wconf 70' lang='lat' dir='ltr'><strong>est,</strong></span> <span class='ocrx_word' id='word_1_257' title='bbox 1220 3593 1332 3678; x_wconf 89' lang='lat' dir='ltr'><strong>reliqui</strong></span> 
     </span>
     <span class='ocr_line' id='line_1_34' title="bbox 300 3697 1332 3787; baseline -0.004 -20"><span class='ocrx_word' id='word_1_258' title='bbox 300 3703 396 3787; x_wconf 89' lang='lat' dir='ltr'><strong>legati</strong></span> <span class='ocrx_word' id='word_1_259' title='bbox 424 3710 460 3770; x_wconf 89' lang='lat' dir='ltr'><strong>ut</strong></span> <span class='ocrx_word' id='word_1_260' title='bbox 488 3710 555 3769; x_wconf 91' lang='lat' dir='ltr'><strong>tum</strong></span> <span class='ocrx_word' id='word_1_261' title='bbox 585 3704 719 3786; x_wconf 86' lang='lat' dir='ltr'><strong>exirent,</strong></span> <span class='ocrx_word' id='word_1_262' title='bbox 750 3723 821 3768; x_wconf 91' lang='lat' dir='ltr'><strong>cum</strong></span> <span class='ocrx_word' id='word_1_263' title='bbox 850 3701 927 3769; x_wconf 90' lang='lat' dir='ltr'><strong>satis</strong></span> <span class='ocrx_word' id='word_1_264' title='bbox 953 3700 996 3766; x_wconf 88' lang='lat' dir='ltr'><strong>ad</strong></span> <span class='ocrx_word' id='word_1_265' title='bbox 1022 3700 1174 3766; x_wconf 89' lang='lat' dir='ltr'><strong>tuendum</strong></span> <span class='ocrx_word' id='word_1_266' title='bbox 1199 3697 1332 3764; x_wconf 88' lang='lat' dir='ltr'><strong>altitudo</strong></span> 
     </span>
    </p>
   </div>
   <div class='ocr_carea' id='block_1_6' title="bbox 299 3801 1332 3890">
    <p class='ocr_par' dir='ltr' id='par_1_7' title="bbox 299 3801 1332 3890">
     <span class='ocr_line' id='line_1_35' title="bbox 299 3801 1332 3890; baseline -0.006 -18"><span class='ocrx_word' id='word_1_267' title='bbox 299 3805 380 3872; x_wconf 91' lang='lat' dir='ltr'><strong>muri</strong></span> <span class='ocrx_word' id='word_1_268' title='bbox 396 3812 556 3874; x_wconf 86' lang='lat' dir='ltr'><strong>exstructa</strong></span> <span class='ocrx_word' id='word_1_269' title='bbox 570 3805 739 3887; x_wconf 86' lang='lat' dir='ltr'><strong>videretur,</strong></span> <span class='ocrx_word' id='word_1_270' title='bbox 762 3805 939 3890; x_wconf 86' lang='lat' dir='ltr'><strong>praecepit:</strong></span> <span class='ocrx_word' id='word_1_271' title='bbox 962 3804 1088 3870; x_wconf 90' lang='lat' dir='ltr'><strong>interim</strong></span> <span class='ocrx_word' id='word_1_272' title='bbox 1107 3821 1226 3883; x_wconf 89' lang='lat' dir='ltr'><strong>omnes,</strong></span> <span class='ocrx_word' id='word_1_273' title='bbox 1250 3801 1332 3867; x_wconf 86' lang='lat' dir='ltr'><strong>servi</strong></span> 
     </span>
    </p>
   </div>
   <div class='ocr_carea' id='block_1_7' title="bbox 0 0 1475 4192">
    <p class='ocr_par' dir='ltr' id='par_1_8' title="bbox 0 0 1475 4192">
     <span class='ocr_line' id='line_1_36' title="bbox 0 0 1475 4192; baseline 0 0"><span class='ocrx_word' id='word_1_274' title='bbox 0 0 1475 4192; x_wconf 95' lang='lat' dir='ltr'><strong> </strong></span> 
     </span>
    </p>
   </div>
  </div>
 </body>
</html>
