2934 4192
275 161 318 225 30
378 177 442 231 v11.
452 175 687 230 ALCIBIADES.
699 177 785 232 10.11.
798 171 1165 240 VHITHRASYBULUS.
1173 176 1196 228 1.

121 365 222 409 aunon.
274 349 455 415 Alcibiades
490 363 591 413 annos
624 348 745 412 circiter
777 347 868 412 XLV
900 352 993 411 natus
1026 346 1110 410 diem
1143 330 1221 411 obiit
1253 366 1301 411 su·

274 473 425 538 promum.

223 570 257 623 11
376 556 469 620 Hunc
494 553 681 618 infamatum
702 573 722 618 a
743 553 901 636 plerisque
922 558 986 617 tres
1007 551 1186 635 gravissimi
1207 552 1300 619 histo·

274 659 330 723 rici
357 659 486 724 summis
507 658 652 722 laudibus
675 658 869 722 extulerunt:
903 654 1115 739 Thucydides,
1143 657 1197 739 qui
1223 657 1301 722 eius-

275 762 346 827 dem
369 762 482 826 aetatis
503 761 572 842 fuit,
599 760 830 844 Theopompus,
861 759 1021 841 aliquanto
1043 766 1114 842 post
1135 766 1237 841 natus,
1269 765 1301 823 et

273 865 439 950 Timaeum
470 863 672 947 quiquidem
701 862 762 928 duo
792 861 1080 944 maledicentissimi
1106 863 1212 928 nescio
1239 882 1300 944 quo

240 985 256 1034 ι
274 969 366 1034 modo
381 969 414 1033 in
429 969 481 1033 illo
496 988 558 1034 uno
577 966 733 1032 laudando
749 966 956 1031 consentiunt.
990 966 1134 1048 Namque
1150 986 1197 1048 ea,
1221 985 1300 1048 quae

274 1093 369 1157 supra
391 1073 580 1156 scripsimus,
604 1070 644 1134 de
667 1091 703 1136 eo
725 1069 946 1155 praedicarunt
967 1075 1062 1152 atque
1077 1069 1137 1135 hoc
1151 1070 1299 1155 amplius:

275 1196 345 1240 cum
359 1175 501 1256 Athenis,
525 1173 779 1258 splendidissima
802 1173 938 1253 civitate,
961 1179 1053 1238 natus
1076 1179 1168 1256 esset,
1192 1195 1300 1240 omnes

240 1278 440 1364 esplendore
462 1298 501 1342 ac
526 1277 680 1362 dignitate
709 1297 874 1361 superasse
904 1277 1004 1362 vitae3
1034 1283 1199 1360 postquam
1225 1276 1300 1342 inde

274 1383 424 1466 expulsus
445 1381 572 1448 Thebas
599 1381 729 1462 venerit,
756 1379 836 1445 adeo
859 1379 970 1446 studiis
993 1401 1099 1445 eorum
1122 1381 1298 1462 inservisse,

273 1492 309 1551 ut
336 1506 429 1551 nemo
459 1506 529 1550 eum
560 1486 667 1550 labore
697 1485 895 1568 corporisque
923 1484 1043 1550 viribus
1068 1490 1175 1569 posset
1196 1485 1300 1567 acqui-

273 1608 384 1673 perare
399 1587 521 1676 (omnes
537 1589 620 1653 enim
634 1588 744 1653 Boeoti
763 1589 865 1671 magis
886 1587 1025 1652 firmitati
1047 1588 1183 1672 corporis
1206 1607 1299 1671 quam

240 1693 393 1777 singenii
415 1691 552 1756 acumini
573 1690 744 1776 serviunt);
768 1690 902 1755 eundem
925 1691 1010 1776 apud
1024 1691 1298 1773 Lacedaemonios,

274 1816 404 1878 quorum
433 1797 571 1861 moribus
600 1815 722 1860 summa
751 1795 850 1860 virtus
876 1795 909 1859 in
937 1795 1089 1880 patientia
1115 1796 1299 1880 ponebatur,

274 1899 320 1965 sic
341 1899 475 1964 duritiae
497 1920 532 1965 se
554 1898 690 1979 dedisse,
712 1905 747 1962 ut
769 1899 959 1982 parsimonia
973 1899 1075 1964 victus
1089 1905 1184 1981 atque
1199 1899 1299 1964 cultus

273 2021 382 2067 omnes
410 2002 677 2067 Lacedaemonios
710 2003 869 2088 vinceret,
903 2002 1001 2068 fuisse
1033 2002 1118 2087 apud
1150 2002 1298 2084 Thraces,

273 2106 416 2171 homines
438 2106 775 2188 vinolentos'rinisquc
802 2105 940 2171 deditos:
968 2105 1025 2171 hos
1048 2125 1171 2188 quoque
1193 2106 1226 2170 in
1248 2106 1298 2172 his

239 2209 367 2274 erebus
382 2209 603 2294 antecessisse;
626 2210 752 2274 venisse
770 2208 812 2273 ad
826 2211 948 2294 Persas,
971 2208 1057 2294 apud
1079 2229 1156 2292 quos
1178 2229 1299 2274 summa

273 2315 353 2393 laus¹
370 2319 452 2378 esset
481 2313 601 2378 sortiter
630 2314 747 2395 venari,
778 2314 937 2378 luxuriose
963 2314 1087 2379 vivere:
1121 2313 1231 2378 horum
1253 2313 1298 2379 sic

274 2416 428 2480 imitatum
445 2415 719 2497 consuetudinem,¹
736 2423 772 2481 ut
793 2417 837 2480 illi
863 2417 924 2500 ipsi
947 2437 1018 2481 cum
1040 2417 1074 2481 in
1095 2417 1145 2482 his
1160 2417 1297 2482 maxime

240 2519 508 2584 eadmirarcntur.
540 2519 661 2596 Quibus
678 2521 772 2586 rebus
791 2521 941 2601 effecisse,
964 2526 1008 2596 ut,
1031 2519 1115 2604 apud
1137 2540 1297 2603 quoscum-

274 2642 334 2704 que
364 2629 455 2705 esset,
485 2624 631 2707 princeps
660 2618 828 2708 poneretur
854 2623 1083 2707 habereturque
1110 2625 1295 2690 carissimus.

273 2724 336 2791 Sed
358 2726 434 2790 satis
457 2726 496 2790 dc
518 2726 593 2791 hoc:
615 2726 751 2808 reliquos
773 2726 938 2791 ordiamur.

241 2834 255 2884 l
375 2829 460 2892 VHI.
484 2831 722 2911 Timocreontis,
746 2831 825 2913 Lyci
840 2830 934 2911 filius,
950 2829 1161 2896 Atheniensis
1192 2832 1226 2897 Si
1241 2852 1297 2915 per

273 2952 307 2996 sc
329 2932 427 2997 virtus
449 2932 516 2997 sine
543 2934 667 2998 fortuna
692 2933 896 3017 ponderanda
918 2941 974 3015 est,
1002 2933 1119 3014 dubito,
1146 2953 1187 2997 an
1215 2935 1297 2999 hunc

272 3035 406 3118 primum
428 3036 565 3100 omnium
587 3057 718 3121 ponam;
741 3036 818 3100 illud
840 3037 909 3102 sine
931 3037 1025 3102 dubio
1049 3042 1112 3101 est:
1139 3038 1296 3103 neminem

272 3138 345 3203 huic
366 3137 604 3222 praeferendum
630 3139 702 3221 fide,
734 3140 917 3221 constantia,
947 3139 1163 3223 magnitudine
1189 3141 1295 3222 animi,

240 3242 306 3306 ain
332 3241 464 3326 patriam
491 3263 605 3307 amore.
650 3245 731 3307 Nam
759 3264 829 3307 cum
856 3243 946 3308 multi
966 3243 1122 3307 voluerint
1144 3244 1297 3327 paucique

272 3345 429 3428 potuerint
443 3346 484 3410 ab
499 3365 561 3409 unc
584 3351 718 3428 tyranno
740 3347 873 3429 patriam
895 3346 1038 3427 hberare‚
1061 3345 1134 3410 huic
1156 3348 1295 3430 contigit,

272 3453 306 3510 ut
328 3467 348 3511 a
369 3447 463 3512 XXX
482 3468 664 3532 oppressam
686 3449 830 3531 tyrannis
850 3469 871 3514 c
893 3449 1043 3514 servitute
1065 3449 1098 3513 in
1119 3448 1296 3515 libertatem

239 3550 453 3616 evindicaret.
488 3551 552 3617 Sed
573 3552 679 3617 nescio
703 3551 887 3634 quomodo,
910 3571 981 3616 cum
1003 3573 1074 3617 eum
1097 3572 1189 3618 nemo
1212 3560 1296 3618 ante-

272 3654 332 3717 iret
352 3652 402 3718 his
423 3653 597 3734 virtutibus,
625 3654 714 3719 multi
740 3654 903 3720 nobihtate
925 3655 1060 3720 nominis
1081 3675 1296 3740 praecucurre-

272 3763 352 3821 runt.
397 3758 535 3821 Primum
558 3757 783 3841 Peloponnesio
812 3759 894 3823 bello
924 3760 1022 3823 multa
1047 3759 1099 3824 hic
1125 3759 1194 3824 sine
1216 3760 1296 3824 Alci-
