2890 4196
464 177 555 233 XXV.
573 176 745 233 ATTICUS.
767 180 860 234 1112.
996 185 999 191 ’
1118 161 1180 226 105

40 345 42 348 ’
146 353 263 420 ulcisci.
286 350 376 417 Idem
398 351 564 416 immortali
588 350 738 416 memoria
752 356 903 434 percepta
916 350 1073 415 retinebat
1087 349 1180 416 bene

145 456 231 540 ficia;
270 475 351 538 quae
384 461 489 518 autem
523 455 591 538 ipse
625 454 792 534 tribuerat,
830 452 951 517 tamdiu
984 453 1179 535 meminerat,

146 557 249 641 quoad
270 558 324 622 ille
346 563 455 640 gratus
478 563 553 636 erat,
578 556 631 638 qni
653 562 828 640 acceperat.
873 557 985 638 ltaque
1012 555 1064 620 hio
1093 555 1215 636 111111

145 667 181 725 11
202 680 277 726 1116
299 659 418 725 dictum
440 658 598 726 videatur:

249 764 305 830 Sui
327 767 439 845 cuique
461 782 564 828 mores
586 762 716 847 fingunt
738 763 894 827 fortunam
916 761 1106 828 hominibus.

145 868 257 948 Neque
291 872 398 930 tamen
427 864 481 930 ille
507 866 594 950 prius
621 865 779 930 fortunam
807 884 901 947 quam
929 883 964 930 so
986 865 1055 949 ipse
1076 863 1179 946 finxit,

146 971 200 1054 qui
223 970 351 1050 caverit,
374 990 415 1034 ne
438 989 501 1052 qua
521 969 555 1033 in
577 989 612 1034 11
634 970 701 1034 1111
723 971 921 1053 plecteretur.

249 1073 307 1139 His
333 1073 430 1156 igitur
456 1072 551 1138 rebus
574 1073 688 1153 effecit,
716 1079 751 1137 ut
773 1073 814 1138 M.
832 1073 1003 1156 Vipsanius
1026 1073 1178 1158 Agrippa,
1196 1096 1231 1148 12

146 1177 258 1241 intima
280 1176 495 1241 familiaritate
518 1176 702 1241 coniunctus
725 1175 919 1241 adulescenti
942 1177 1080 1256 Caesari,
1108 1196 1179 1241 oum

146 1285 272 1364 propter
294 1299 383 1344 suam
405 1280 540 1363 gratiam
560 1286 592 1343 et
608 1279 752 1344 Caesaris
774 1278 948 1362 potentiam
971 1279 1087 1342 nullius
1110 1299 1180 1344 oon-

146 1384 278 1448 dicionis
305 1402 368 1447 nou
396 1382 527 1447 haberet
553 1387 756 1466 potestatem,
787 1381 985 1466 potissimum
1012 1383 1079 1446 eius
1106 1381 1180 1446 deli-

146 1493 234 1571 geret
263 1485 450 1550 affinitatem
480 1491 742 1570 praeoptaretque
774 1485 888 1566 equitis
914 1484 1050 1549 Romani
1081 1484 1179 1549 filiam

145 1609 368 1674 generosarum
391 1588 517 1672 nuptiis.
545 1589 649 1671 Atque
671 1587 783 1652 harum
806 1588 985 1671 nuptiarum
1000 1587 1213 1661 conciliator2

146 1695 205 1758 fuit
233 1693 308 1778 (non
336 1699 384 1758 cst
411 1693 495 1757 enim
523 1691 701 1777 celandum)
725 1693 765 1756 M.
789 1692 955 1772 Antonius,
983 1691 1179 1756 triumvirum

146 1798 192 1861 rei
221 1797 366 1879 publicae
400 1795 646 1861 constituendae.
692 1795 789 1861 Cuius
822 1796 925 1878 gratia
958 1814 1029 1858 cum
1062 1814 1179 1878 augere

146 1901 360 1984 possessiones
386 1906 494 1984 posset
521 1919 603 1979 suas,
634 1905 756 1962 tantum
783 1898 864 1962 afuit
885 1919 906 1962 a
928 1898 1100 1982 cupiditate
1127 1918 1179 1982 pe-

147 2003 268 2083 cuniae,
295 2009 330 2067 ut
352 2003 438 2067 nulla
460 2003 492 2066 in
515 2022 550 2066 re
572 2007 712 2066 uteretur
733 2001 795 2066 nisi
817 2003 850 2065 in
874 2001 1081 2085 deprecandis
1103 2002 1179 2066 ami-

147 2107 251 2172 corum
274 2113 329 2170 aut
351 2105 496 2190 periculis
518 2111 574 2170 aut
595 2104 810 2170 incommodis.
856 2104 948 2181 Quod
971 2105 1097 2187 quidem
1119 2107 1177 2170 suh
1197 2131 1213 2178 3

138 2212 216 2294 ipsa
237 2209 463 2294 proscriptione
484 2210 660 2293 perillustre
682 2209 750 2273 fuit.
789 2209 873 2272 Nam
895 2228 966 2272 cum
988 2210 1024 2274 L.
1048 2209 1177 2290 Saufeii,

147 2314 259 2395 equitis
281 2313 424 2392 Romani,
447 2313 589 2394 aequalis
611 2312 668 2393 sui,
693 2311 746 2394 qui
770 2313 944 2395 complures
959 2331 1059 2377 annos
1075 2311 1178 2377 studio
1288 2327 1290 2332 ’

146 2416 258 2481 ductus
294 2415 510 2499 philosophiae
544 2415 702 2479 habitarat
735 2413 870 2478 Athenis
907 2413 1108 2497 habebatque
1144 2415 1178 2479 in

145 2521 238 2584 ltalia
265 2519 419 2608 pretiosas
449 2519 672 2602 possessiones,
700 2517 825 2582 tresviri
854 2517 938 2582 bona
961 2516 1178 2583 vendidissent

146 2622 371 2688 consuetudine
394 2642 441 2703 ea,
470 2642 532 2704 qua
554 2627 621 2685 tum
643 2641 694 2686 res
717 2622 917 2705 gerebantur,
946 2620 1043 2685 Attici
1069 2621 1177 2702 labore

145 2734 239 2808 atque
269 2725 424 2790 industria
453 2726 572 2791 factum
603 2730 660 2806 611,
691 2731 726 2788 11
757 2722 868 2789 eodem
894 2723 1005 2788 nuntio
1032 2723 1177 2789 Saufeius

144 2830 233 2894 lieret
260 2830 372 2894 certior
398 2849 433 2894 se
467 2829 689 2912 patrimonium
722 2827 866 2892 amisisse
900 2833 932 2891 ct
963 2847 1175 2912 recuperasse.

144 2933 233 2998 Idem
256 2934 291 2996 L.
315 2933 430 2996 lulium
453 2932 608 3012 Calidum,
632 2951 725 3013 quem
747 2936 818 3013 post
840 2931 977 2995 Lucretii
1000 2931 1213 3013 Catulhquec

144 3042 276 3100 mortem
306 3037 402 3099 multo
433 3034 702 3119 elegantissimum
736 3040 862 3117 poetam
895 3041 1035 3099 nostram
1068 3034 1177 3099 tuhsse

144 3145 280 3205 aetatem
295 3157 370 3202 vere
384 3136 494 3203 videor
508 3157 602 3221 posse
618 3136 816 3218 contendere,
839 3156 942 3220 neque
957 3137 1060 3202 minus
1076 3138 1176 3202 virum

143 3243 261 3307 bonum
284 3240 472 3324 optimisque
494 3239 614 3304 artibus
637 3238 803 3321 eruditum,
826 3245 897 3323 post
919 3240 1177 3324 proscriptionem

145 3345 283 3427 equitum
311 3350 439 3427 propter
465 3362 598 3425 magnas
625 3345 692 3407 eius
715 3343 881 3408 Africanas
908 3343 1122 3426 possessiones
1144 3344 1177 3408 in

144 3447 387 3530 proscriptorum
419 3465 583 3510 numerum
605 3466 637 3510 ·a
669 3448 703 3510 P.
728 3445 904 3527 Volumnio,
938 3447 1099 3530 praefecto
1132 3447 1176 3511 fa-

144 3552 234 3614 brum
264 3549 403 3630 Antonii,
438 3550 602 3615 absentem
635 3551 767 3612 relatum
801 3549 972 3632 expedivit.
1018 3548 1111 3625 Quod
1143 3551 1210 3616 ins

144 3651 303 3736 praesenti
331 3657 436 3716 utrum
459 3651 488 3716 ei
510 3651 694 3716 laboriosius
715 3671 758 3715 an
780 3643 1067 3734 gloriosius‘fuerit,
1099 3651 1176 3716 diffi-

78 3757 81 3762 '
146 3754 204 3820 1111
233 3761 281 3818 111
310 3753 458 3834 iudicare,
494 3752 577 3835 quod
605 3753 639 3817 11
673 3773 779 3818 eorum
810 3754 957 3837 periculis
990 3775 1053 3819 non
1087 3774 1177 3818 secus
