<?xml version="1.0" encoding="UTF-8"?>
<!DOCTYPE html PUBLIC "-//W3C//DTD XHTML 1.0 Transitional//EN"
    "http://www.w3.org/TR/xhtml1/DTD/xhtml1-transitional.dtd">
<html xmlns="http://www.w3.org/1999/xhtml" xml:lang="en" lang="en">
 <head>
  <title>
</title>
<meta http-equiv="Content-Type" content="text/html;charset=utf-8" />
  <meta name='ocr-system' content='tesseract 3.04.00' />
  <meta name='ocr-capabilities' content='ocr_page ocr_carea ocr_par ocr_line ocrx_word'/>
</head>
<body>
  <div class='ocr_page' id='page_1' title='image "./vitae00nepogoog_0104.png"; bbox 0 0 2890 4196; ppageno 0'>
   <div class='ocr_carea' id='block_1_1' title="bbox 233 193 1076 262">
    <p class='ocr_par' dir='ltr' id='par_1_1' title="bbox 233 193 1076 262">
     <span class='ocr_line' id='line_1_1' title="bbox 233 193 1076 262; baseline 0.005 -6"><span class='ocrx_word' id='word_1_1' title='bbox 233 193 274 257; x_wconf 82' lang='grc'>80</span> <span class='ocrx_word' id='word_1_2' title='bbox 429 209 507 262; x_wconf 85' lang='lat' dir='ltr'><strong>XIX.</strong></span> <span class='ocrx_word' id='word_1_3' title='bbox 525 207 688 262; x_wconf 83' lang='lat' dir='ltr'>PHOGION.</span> <span class='ocrx_word' id='word_1_4' title='bbox 707 209 732 261; x_wconf 85' lang='lat'>4.</span> <span class='ocrx_word' id='word_1_5' title='bbox 761 207 824 260; x_wconf 88' lang='lat' dir='ltr'>XX.</span> <span class='ocrx_word' id='word_1_6' title='bbox 843 205 1032 262; x_wconf 81' lang='lat' dir='ltr'>TIMOLEON.</span> <span class='ocrx_word' id='word_1_7' title='bbox 1052 211 1076 262; x_wconf 90' lang='lat'>1.</span> 
     </span>
    </p>
   </div>
   <div class='ocr_carea' id='block_1_2' title="bbox 76 377 1293 3871">
    <p class='ocr_par' dir='ltr' id='par_1_2' title="bbox 199 377 1265 772">
     <span class='ocr_line' id='line_1_2' title="bbox 199 377 1265 466; baseline -0.003 -19"><span class='ocrx_word' id='word_1_8' title='bbox 199 411 214 458; x_wconf 86' lang='lat'><strong>3</strong></span> <span class='ocrx_word' id='word_1_9' title='bbox 232 381 358 466; x_wconf 82' lang='lat' dir='ltr'>publice</span> <span class='ocrx_word' id='word_1_10' title='bbox 380 381 523 445; x_wconf 89' lang='lat' dir='ltr'>damnati</span> <span class='ocrx_word' id='word_1_11' title='bbox 545 379 626 444; x_wconf 89' lang='lat' dir='ltr'>tradi</span> <span class='ocrx_word' id='word_1_12' title='bbox 650 381 759 445; x_wconf 82' lang='lat' dir='ltr'><strong>solent.</strong></span> <span class='ocrx_word' id='word_1_13' title='bbox 785 378 846 455; x_wconf 81' lang='lat' dir='ltr'>oui</span> <span class='ocrx_word' id='word_1_14' title='bbox 870 400 940 444; x_wconf 88' lang='lat' dir='ltr'>oum</span> <span class='ocrx_word' id='word_1_15' title='bbox 961 378 1004 444; x_wconf 89' lang='lat' dir='ltr'>ad</span> <span class='ocrx_word' id='word_1_16' title='bbox 1025 385 1156 444; x_wconf 88' lang='lat' dir='ltr'>mortem</span> <span class='ocrx_word' id='word_1_17' title='bbox 1175 377 1265 444; x_wconf 85' lang='lat' dir='ltr'>duee·</span> 
     </span>
     <span class='ocr_line' id='line_1_3' title="bbox 232 480 1262 566; baseline -0.004 -16"><span class='ocrx_word' id='word_1_18' title='bbox 232 491 326 565; x_wconf 88' lang='lat' dir='ltr'>retm,</span> <span class='ocrx_word' id='word_1_19' title='bbox 349 485 460 549; x_wconf 84' lang='lat' dir='ltr'>obvius</span> <span class='ocrx_word' id='word_1_20' title='bbox 476 483 536 548; x_wconf 88' lang='lat' dir='ltr'>fuit</span> <span class='ocrx_word' id='word_1_21' title='bbox 550 482 746 566; x_wconf 84' lang='lat' dir='ltr'>Euphiletus,</span> <span class='ocrx_word' id='word_1_22' title='bbox 770 502 831 564; x_wconf 91' lang='lat' dir='ltr'>quo</span> <span class='ocrx_word' id='word_1_23' title='bbox 854 481 1047 547; x_wconf 86' lang='lat' dir='ltr'>familiariter</span> <span class='ocrx_word' id='word_1_24' title='bbox 1062 480 1165 545; x_wconf 84' lang='lat' dir='ltr'>fuerat</span> <span class='ocrx_word' id='word_1_25' title='bbox 1181 501 1262 546; x_wconf 90' lang='lat' dir='ltr'>usus.</span> 
     </span>
     <span class='ocr_line' id='line_1_4' title="bbox 232 578 1263 668; baseline -0.002 -16"><span class='ocrx_word' id='word_1_26' title='bbox 232 590 265 653; x_wconf 93' lang='lat' dir='ltr'>Is</span> <span class='ocrx_word' id='word_1_27' title='bbox 292 608 362 652; x_wconf 89' lang='lat' dir='ltr'>oum</span> <span class='ocrx_word' id='word_1_28' title='bbox 389 587 556 651; x_wconf 80' lang='lat' dir='ltr'>lacrimans</span> <span class='ocrx_word' id='word_1_29' title='bbox 583 585 718 650; x_wconf 84' lang='lat' dir='ltr'>dixisset</span> <span class='ocrx_word' id='word_1_30' title='bbox 740 578 778 652; x_wconf 83' lang='lat' dir='ltr'>‘O</span> <span class='ocrx_word' id='word_1_31' title='bbox 802 605 896 666; x_wconf 89' lang='lat' dir='ltr'>quam</span> <span class='ocrx_word' id='word_1_32' title='bbox 923 584 1055 668; x_wconf 85' lang='lat' dir='ltr'>indigna</span> <span class='ocrx_word' id='word_1_33' title='bbox 1081 587 1263 668; x_wconf 85' lang='lat' dir='ltr'>perpeteris,</span> 
     </span>
     <span class='ocr_line' id='line_1_5' title="bbox 232 681 1264 772; baseline -0.002 -18"><span class='ocrx_word' id='word_1_34' title='bbox 232 685 397 755; x_wconf 87' lang='lat' dir='ltr'>Phooionl’</span> <span class='ocrx_word' id='word_1_35' title='bbox 420 689 492 754; x_wconf 91' lang='lat' dir='ltr'>huio</span> <span class='ocrx_word' id='word_1_36' title='bbox 513 689 566 753; x_wconf 88' lang='lat' dir='ltr'>ille</span> <span class='ocrx_word' id='word_1_37' title='bbox 589 681 642 753; x_wconf 83' lang='lat' dir='ltr'>‘At</span> <span class='ocrx_word' id='word_1_38' title='bbox 657 707 720 753; x_wconf 94' lang='lat' dir='ltr'>non</span> <span class='ocrx_word' id='word_1_39' title='bbox 735 683 909 772; x_wconf 82' lang='lat' dir='ltr'>inopinata‘</span> <span class='ocrx_word' id='word_1_40' title='bbox 931 687 1046 769; x_wconf 90' lang='lat' dir='ltr'>inquit:</span> <span class='ocrx_word' id='word_1_41' title='bbox 1071 685 1166 752; x_wconf 81' lang='lat' dir='ltr'>‘huno</span> <span class='ocrx_word' id='word_1_42' title='bbox 1181 689 1264 752; x_wconf 88' lang='lat' dir='ltr'>enirn</span> 
     </span>
    </p>

    <p class='ocr_par' dir='ltr' id='par_1_3' title="bbox 112 777 1265 1082">
     <span class='ocr_line' id='line_1_6' title="bbox 112 777 1265 877; baseline -0.003 -17"><span class='ocrx_word' id='word_1_43' title='bbox 112 851 116 860; x_wconf 89' lang='lat'><em>.</em></span> <span class='ocrx_word' id='word_1_44' title='bbox 197 777 214 852; x_wconf 72' lang='grc'><strong><em>4</em></strong></span> <span class='ocrx_word' id='word_1_45' title='bbox 232 793 352 858; x_wconf 82' lang='lat' dir='ltr'>exitum</span> <span class='ocrx_word' id='word_1_46' title='bbox 374 793 515 877; x_wconf 78' lang='lat' dir='ltr'>plerique</span> <span class='ocrx_word' id='word_1_47' title='bbox 535 793 613 874; x_wconf 80' lang='lat' dir='ltr'>¹olari</span> <span class='ocrx_word' id='word_1_48' title='bbox 628 793 689 856; x_wconf 84' lang='lat' dir='ltr'>&#39;viri</span> <span class='ocrx_word' id='word_1_49' title='bbox 704 791 882 856; x_wconf 89' lang='lat' dir='ltr'>habuerunt</span> <span class='ocrx_word' id='word_1_50' title='bbox 897 785 1051 855; x_wconf 82' lang='lat' dir='ltr'>Athenis&#39;</span> <span class='ocrx_word' id='word_1_51' title='bbox 1079 791 1183 873; x_wconf 84' lang='lat' dir='ltr'>Atque</span> <span class='ocrx_word' id='word_1_52' title='bbox 1199 798 1265 856; x_wconf 92' lang='lat' dir='ltr'>tau-</span> 
     </span>
     <span class='ocr_line' id='line_1_7' title="bbox 232 894 1264 978; baseline -0.001 -17"><span class='ocrx_word' id='word_1_53' title='bbox 232 903 299 961; x_wconf 91' lang='lat' dir='ltr'>tum</span> <span class='ocrx_word' id='word_1_54' title='bbox 321 897 380 962; x_wconf 83' lang='lat' dir='ltr'>luit</span> <span class='ocrx_word' id='word_1_55' title='bbox 402 896 508 961; x_wconf 90' lang='lat' dir='ltr'>odium</span> <span class='ocrx_word' id='word_1_56' title='bbox 530 895 747 975; x_wconf 87' lang='lat' dir='ltr'>multitudinis,</span> <span class='ocrx_word' id='word_1_57' title='bbox 770 901 805 958; x_wconf 89' lang='lat' dir='ltr'>ut</span> <span class='ocrx_word' id='word_1_58' title='bbox 827 913 919 959; x_wconf 88' lang='lat' dir='ltr'>nemo</span> <span class='ocrx_word' id='word_1_59' title='bbox 943 913 1014 958; x_wconf 92' lang='lat' dir='ltr'>eum</span> <span class='ocrx_word' id='word_1_60' title='bbox 1036 894 1115 958; x_wconf 87' lang='lat' dir='ltr'>liber</span> <span class='ocrx_word' id='word_1_61' title='bbox 1131 895 1264 978; x_wconf 86' lang='lat' dir='ltr'>sepelire</span> 
     </span>
     <span class='ocr_line' id='line_1_8' title="bbox 231 999 936 1082; baseline -0.006 -18"><span class='ocrx_word' id='word_1_62' title='bbox 231 999 371 1065; x_wconf 82' lang='lat' dir='ltr'>auderet.</span> <span class='ocrx_word' id='word_1_63' title='bbox 416 1001 529 1081; x_wconf 85' lang='lat' dir='ltr'>Itaque</span> <span class='ocrx_word' id='word_1_64' title='bbox 550 1019 571 1064; x_wconf 90' lang='lat' dir='ltr'>a</span> <span class='ocrx_word' id='word_1_65' title='bbox 593 999 693 1064; x_wconf 87' lang='lat' dir='ltr'>servis</span> <span class='ocrx_word' id='word_1_66' title='bbox 716 999 857 1082; x_wconf 87' lang='lat' dir='ltr'>sepultus</span> <span class='ocrx_word' id='word_1_67' title='bbox 880 1003 936 1062; x_wconf 89' lang='lat' dir='ltr'>est.</span> 
     </span>
    </p>

    <p class='ocr_par' dir='ltr' id='par_1_4' title="bbox 198 1100 1264 1702">
     <span class='ocr_line' id='line_1_9' title="bbox 198 1100 1264 1183; baseline -0.005 -11"><span class='ocrx_word' id='word_1_68' title='bbox 198 1123 213 1172; x_wconf 97' lang='lat'>1</span> <span class='ocrx_word' id='word_1_69' title='bbox 334 1105 406 1168; x_wconf 87' lang='lat' dir='ltr'>XX.</span> <span class='ocrx_word' id='word_1_70' title='bbox 441 1104 607 1166; x_wconf 80' lang='lat' dir='ltr'>Trnonnon</span> <span class='ocrx_word' id='word_1_71' title='bbox 631 1101 809 1168; x_wconf 77' lang='lat' dir='ltr'>Corinthius</span> <span class='ocrx_word' id='word_1_72' title='bbox 832 1120 966 1183; x_wconf 87' lang='lat' dir='ltr'>magnus</span> <span class='ocrx_word' id='word_1_73' title='bbox 988 1100 1127 1165; x_wconf 89' lang='lat' dir='ltr'>omnium</span> <span class='ocrx_word' id='word_1_74' title='bbox 1149 1101 1264 1167; x_wconf 85' lang='lat' dir='ltr'>iudicio</span> 
     </span>
     <span class='ocr_line' id='line_1_10' title="bbox 231 1203 1263 1288; baseline -0.002 -16"><span class='ocrx_word' id='word_1_75' title='bbox 231 1209 280 1272; x_wconf 81' lang='lat' dir='ltr'>vir</span> <span class='ocrx_word' id='word_1_76' title='bbox 303 1207 432 1271; x_wconf 83' lang='lat' dir='ltr'>exst’tit.</span> <span class='ocrx_word' id='word_1_77' title='bbox 465 1205 523 1272; x_wconf 83' lang='lat' dir='ltr'>Oui</span> <span class='ocrx_word' id='word_1_78' title='bbox 538 1205 594 1270; x_wconf 91' lang='lat' dir='ltr'>uni</span> <span class='ocrx_word' id='word_1_79' title='bbox 609 1205 749 1288; x_wconf 84' lang='lat' dir='ltr'>oontigit,</span> <span class='ocrx_word' id='word_1_80' title='bbox 773 1203 857 1287; x_wconf 89' lang='lat' dir='ltr'>quod</span> <span class='ocrx_word' id='word_1_81' title='bbox 878 1203 985 1270; x_wconf 86' lang='lat' dir='ltr'>neseio</span> <span class='ocrx_word' id='word_1_82' title='bbox 1007 1224 1049 1268; x_wconf 91' lang='lat' dir='ltr'>an</span> <span class='ocrx_word' id='word_1_83' title='bbox 1072 1204 1159 1285; x_wconf 92' lang='lat' dir='ltr'>nulli,</span> <span class='ocrx_word' id='word_1_84' title='bbox 1183 1211 1263 1270; x_wconf 88' lang='lat' dir='ltr'>utet</span> 
     </span>
     <span class='ocr_line' id='line_1_11' title="bbox 232 1309 1264 1395; baseline -0.001 -21"><span class='ocrx_word' id='word_1_85' title='bbox 232 1310 375 1395; x_wconf 91' lang='lat' dir='ltr'>patriam,</span> <span class='ocrx_word' id='word_1_86' title='bbox 405 1310 438 1373; x_wconf 93' lang='lat' dir='ltr'>in</span> <span class='ocrx_word' id='word_1_87' title='bbox 466 1329 528 1390; x_wconf 90' lang='lat' dir='ltr'>qua</span> <span class='ocrx_word' id='word_1_88' title='bbox 554 1314 622 1373; x_wconf 88' lang='lat' dir='ltr'>erat</span> <span class='ocrx_word' id='word_1_89' title='bbox 647 1314 750 1388; x_wconf 90' lang='lat' dir='ltr'>natus,</span> <span class='ocrx_word' id='word_1_90' title='bbox 778 1326 962 1391; x_wconf 81' lang='lat' dir='ltr'><strong>oppressam</strong></span> <span class='ocrx_word' id='word_1_91' title='bbox 989 1326 1009 1370; x_wconf 93' lang='lat' dir='ltr'>a</span> <span class='ocrx_word' id='word_1_92' title='bbox 1032 1312 1168 1390; x_wconf 83' lang='lat' dir='ltr'>tyranno</span> <span class='ocrx_word' id='word_1_93' title='bbox 1189 1309 1264 1373; x_wconf 88' lang='lat' dir='ltr'>libe·</span> 
     </span>
     <span class='ocr_line' id='line_1_12' title="bbox 231 1410 1263 1495; baseline -0.002 -18"><span class='ocrx_word' id='word_1_94' title='bbox 231 1420 323 1495; x_wconf 86' lang='lat' dir='ltr'>raret,</span> <span class='ocrx_word' id='word_1_95' title='bbox 352 1418 383 1478; x_wconf 90' lang='lat' dir='ltr'>et</span> <span class='ocrx_word' id='word_1_96' title='bbox 409 1432 430 1477; x_wconf 87' lang='lat' dir='ltr'>a</span> <span class='ocrx_word' id='word_1_97' title='bbox 452 1412 670 1495; x_wconf 82' lang='lat' dir='ltr'><strong>Syracusanis,</strong></span> <span class='ocrx_word' id='word_1_98' title='bbox 700 1411 812 1492; x_wconf 92' lang='lat' dir='ltr'>quibus</span> <span class='ocrx_word' id='word_1_99' title='bbox 834 1410 952 1474; x_wconf 85' lang='lat' dir='ltr'>auxilio</span> <span class='ocrx_word' id='word_1_100' title='bbox 976 1415 1042 1475; x_wconf 87' lang='lat' dir='ltr'>erat</span> <span class='ocrx_word' id='word_1_101' title='bbox 1064 1411 1187 1492; x_wconf 88' lang='lat' dir='ltr'>missus,</span> <span class='ocrx_word' id='word_1_102' title='bbox 1219 1412 1263 1475; x_wconf 92' lang='lat' dir='ltr'>in·</span> 
     </span>
     <span class='ocr_line' id='line_1_13' title="bbox 232 1511 1259 1597; baseline -0.003 -16"><span class='ocrx_word' id='word_1_103' title='bbox 232 1523 405 1582; x_wconf 86' lang='lat' dir='ltr'>veteratam</span> <span class='ocrx_word' id='word_1_104' title='bbox 432 1516 495 1579; x_wconf 91' lang='lat' dir='ltr'>iarn</span> <span class='ocrx_word' id='word_1_105' title='bbox 523 1515 706 1580; x_wconf 87' lang='lat' dir='ltr'>servitutem</span> <span class='ocrx_word' id='word_1_106' title='bbox 737 1511 908 1597; x_wconf 83' lang='lat' dir='ltr'>¹depelleret</span> <span class='ocrx_word' id='word_1_107' title='bbox 936 1519 1098 1596; x_wconf 90' lang='lat' dir='ltr'>totamque</span> <span class='ocrx_word' id='word_1_108' title='bbox 1124 1514 1259 1580; x_wconf 79' lang='lat' dir='ltr'>Sioiliarn</span> 
     </span>
     <span class='ocr_line' id='line_1_14' title="bbox 232 1617 1260 1702; baseline -0.003 -17"><span class='ocrx_word' id='word_1_109' title='bbox 232 1621 345 1686; x_wconf 90' lang='lat' dir='ltr'>multos</span> <span class='ocrx_word' id='word_1_110' title='bbox 371 1640 478 1684; x_wconf 87' lang='lat' dir='ltr'>annos·</span> <span class='ocrx_word' id='word_1_111' title='bbox 503 1619 584 1685; x_wconf 93' lang='lat' dir='ltr'>bello</span> <span class='ocrx_word' id='word_1_112' title='bbox 616 1625 767 1683; x_wconf 85' lang='lat' dir='ltr'>vexatam</span> <span class='ocrx_word' id='word_1_113' title='bbox 797 1638 817 1681; x_wconf 91' lang='lat' dir='ltr'>a</span> <span class='ocrx_word' id='word_1_114' title='bbox 846 1617 1051 1700; x_wconf 88' lang='lat' dir='ltr'>barbarisque</span> <span class='ocrx_word' id='word_1_115' title='bbox 1081 1637 1260 1702; x_wconf 79' lang='lat' dir='ltr'>oppressam</span> 
     </span>
    </p>

    <p class='ocr_par' dir='ltr' id='par_1_5' title="bbox 197 1721 1261 2014">
     <span class='ocr_line' id='line_1_15' title="bbox 197 1721 1260 1806; baseline -0.003 -17"><span class='ocrx_word' id='word_1_116' title='bbox 197 1743 288 1789; x_wconf 81' lang='lat' dir='ltr'>nsuo</span> <span class='ocrx_word' id='word_1_117' title='bbox 309 1723 450 1788; x_wconf 87' lang='lat' dir='ltr'>adventu</span> <span class='ocrx_word' id='word_1_118' title='bbox 472 1723 505 1786; x_wconf 95' lang='lat' dir='ltr'>in</span> <span class='ocrx_word' id='word_1_119' title='bbox 528 1722 695 1806; x_wconf 88' lang='lat' dir='ltr'>pristinum</span> <span class='ocrx_word' id='word_1_120' title='bbox 717 1721 905 1786; x_wconf 89' lang='lat' dir='ltr'>restitueret.</span> <span class='ocrx_word' id='word_1_121' title='bbox 951 1722 988 1785; x_wconf 93' lang='lat' dir='ltr'>In</span> <span class='ocrx_word' id='word_1_122' title='bbox 1011 1721 1061 1785; x_wconf 90' lang='lat' dir='ltr'>his</span> <span class='ocrx_word' id='word_1_123' title='bbox 1083 1721 1177 1786; x_wconf 88' lang='lat' dir='ltr'>rebus</span> <span class='ocrx_word' id='word_1_124' title='bbox 1199 1741 1260 1786; x_wconf 89' lang='lat' dir='ltr'>non</span> 
     </span>
     <span class='ocr_line' id='line_1_16' title="bbox 231 1822 1260 1912; baseline -0.003 -20"><span class='ocrx_word' id='word_1_125' title='bbox 231 1828 365 1912; x_wconf 85' lang='lat' dir='ltr'><strong>simplici</strong></span> <span class='ocrx_word' id='word_1_126' title='bbox 391 1826 518 1892; x_wconf 88' lang='lat' dir='ltr'>fortuna</span> <span class='ocrx_word' id='word_1_127' title='bbox 545 1826 750 1906; x_wconf 85' lang='lat' dir='ltr'>ooniliotatus,</span> <span class='ocrx_word' id='word_1_128' title='bbox 777 1825 811 1888; x_wconf 91' lang='lat' dir='ltr'>id</span> <span class='ocrx_word' id='word_1_129' title='bbox 841 1822 923 1906; x_wconf 90' lang='lat' dir='ltr'>qnod</span> <span class='ocrx_word' id='word_1_130' title='bbox 946 1822 1104 1890; x_wconf 85' lang='lat' dir='ltr'>diffieilius</span> <span class='ocrx_word' id='word_1_131' title='bbox 1125 1831 1260 1908; x_wconf 89' lang='lat' dir='ltr'>putatur,</span> 
     </span>
     <span class='ocr_line' id='line_1_17' title="bbox 231 1927 1261 2014; baseline -0.003 -19"><span class='ocrx_word' id='word_1_132' title='bbox 231 1932 327 1995; x_wconf 93' lang='lat' dir='ltr'>multo</span> <span class='ocrx_word' id='word_1_133' title='bbox 343 1931 516 2014; x_wconf 89' lang='lat' dir='ltr'>sapientius</span> <span class='ocrx_word' id='word_1_134' title='bbox 530 1931 601 1994; x_wconf 91' lang='lat' dir='ltr'>tulit</span> <span class='ocrx_word' id='word_1_135' title='bbox 617 1929 788 1994; x_wconf 80' lang='lat' dir='ltr'>secundam</span> <span class='ocrx_word' id='word_1_136' title='bbox 804 1949 898 2010; x_wconf 90' lang='lat' dir='ltr'>quam</span> <span class='ocrx_word' id='word_1_137' title='bbox 913 1928 1080 1992; x_wconf 88' lang='lat' dir='ltr'>adversam</span> <span class='ocrx_word' id='word_1_138' title='bbox 1095 1927 1261 1993; x_wconf 87' lang='lat' dir='ltr'>fortunam-</span> 
     </span>
    </p>

    <p class='ocr_par' dir='ltr' id='par_1_6' title="bbox 76 2017 1293 2426">
     <span class='ocr_line' id='line_1_18' title="bbox 76 2017 1293 2116; baseline -0.001 -18"><span class='ocrx_word' id='word_1_139' title='bbox 76 2057 179 2099; x_wconf 71' lang='lat' dir='ltr'>annon.</span> <span class='ocrx_word' id='word_1_140' title='bbox 199 2052 214 2097; x_wconf 89' lang='lat'><strong>3</strong></span> <span class='ocrx_word' id='word_1_141' title='bbox 234 2036 316 2099; x_wconf 87' lang='lat' dir='ltr'>Nam</span> <span class='ocrx_word' id='word_1_142' title='bbox 340 2054 410 2098; x_wconf 91' lang='lat' dir='ltr'>oum</span> <span class='ocrx_word' id='word_1_143' title='bbox 432 2034 530 2098; x_wconf 85' lang='lat' dir='ltr'>frater</span> <span class='ocrx_word' id='word_1_144' title='bbox 552 2017 618 2097; x_wconf 88' lang='lat' dir='ltr'>eius</span> <span class='ocrx_word' id='word_1_145' title='bbox 640 2033 863 2116; x_wconf 74' lang='lat' dir='ltr'>Timophanes,</span> <span class='ocrx_word' id='word_1_146' title='bbox 891 2031 957 2096; x_wconf 83' lang='lat' dir='ltr'>dux</span> <span class='ocrx_word' id='word_1_147' title='bbox 978 2052 998 2096; x_wconf 93' lang='lat' dir='ltr'>a</span> <span class='ocrx_word' id='word_1_148' title='bbox 1021 2031 1189 2097; x_wconf 82' lang='lat' dir='ltr'>Corinthiis</span> <span class='ocrx_word' id='word_1_149' title='bbox 1211 2032 1260 2098; x_wconf 90' lang='lat' dir='ltr'>de.</span> <span class='ocrx_word' id='word_1_150' title='bbox 1290 2029 1293 2034; x_wconf 60' lang='grc'>“</span> 
     </span>
     <span class='ocr_line' id='line_1_19' title="bbox 231 2135 1262 2220; baseline 0 -20"><span class='ocrx_word' id='word_1_151' title='bbox 231 2139 338 2218; x_wconf 88' lang='lat' dir='ltr'>leotus,</span> <span class='ocrx_word' id='word_1_152' title='bbox 353 2137 568 2220; x_wconf 82' lang='lat' dir='ltr'>,tyrannidem</span> <span class='ocrx_word' id='word_1_153' title='bbox 595 2157 651 2220; x_wconf 88' lang='lat' dir='ltr'>per</span> <span class='ocrx_word' id='word_1_154' title='bbox 678 2136 793 2201; x_wconf 89' lang='lat' dir='ltr'>milites</span> <span class='ocrx_word' id='word_1_155' title='bbox 820 2135 1052 2200; x_wconf 86' lang='lat' dir='ltr'>mercennarios</span> <span class='ocrx_word' id='word_1_156' title='bbox 1078 2142 1262 2219; x_wconf 87' lang='lat' dir='ltr'>oooupasset</span> 
     </span>
     <span class='ocr_line' id='line_1_20' title="bbox 232 2239 1261 2324; baseline 0 -20"><span class='ocrx_word' id='word_1_157' title='bbox 232 2247 263 2305; x_wconf 89' lang='lat' dir='ltr'>et</span> <span class='ocrx_word' id='word_1_158' title='bbox 285 2241 442 2324; x_wconf 86' lang='lat' dir='ltr'>partioeps</span> <span class='ocrx_word' id='word_1_159' title='bbox 464 2241 532 2324; x_wconf 86' lang='lat' dir='ltr'>ipse</span> <span class='ocrx_word' id='word_1_160' title='bbox 554 2240 645 2323; x_wconf 84' lang='lat' dir='ltr'>regni</span> <span class='ocrx_word' id='word_1_161' title='bbox 668 2259 737 2304; x_wconf 84' lang='lat' dir='ltr'>esse</span> <span class='ocrx_word' id='word_1_162' title='bbox 760 2246 875 2323; x_wconf 90' lang='lat' dir='ltr'>posset,</span> <span class='ocrx_word' id='word_1_163' title='bbox 897 2246 1020 2304; x_wconf 88' lang='lat' dir='ltr'>tantum</span> <span class='ocrx_word' id='word_1_164' title='bbox 1039 2239 1119 2303; x_wconf 90' lang='lat' dir='ltr'>afuit</span> <span class='ocrx_word' id='word_1_165' title='bbox 1132 2259 1153 2302; x_wconf 88' lang='lat' dir='ltr'>a</span> <span class='ocrx_word' id='word_1_166' title='bbox 1168 2240 1261 2304; x_wconf 88' lang='lat' dir='ltr'>sooie-</span> 
     </span>
     <span class='ocr_line' id='line_1_21' title="bbox 230 2342 1261 2426; baseline 0 -19"><span class='ocrx_word' id='word_1_167' title='bbox 230 2349 296 2408; x_wconf 87' lang='lat' dir='ltr'>tate</span> <span class='ocrx_word' id='word_1_168' title='bbox 318 2343 454 2423; x_wconf 84' lang='lat' dir='ltr'>sceleris,</span> <span class='ocrx_word' id='word_1_169' title='bbox 477 2348 513 2407; x_wconf 91' lang='lat' dir='ltr'>ut</span> <span class='ocrx_word' id='word_1_170' title='bbox 535 2343 650 2407; x_wconf 90' lang='lat' dir='ltr'>oivium</span> <span class='ocrx_word' id='word_1_171' title='bbox 672 2343 818 2407; x_wconf 87' lang='lat' dir='ltr'>libertate</span> <span class='ocrx_word' id='word_1_172' title='bbox 841 2342 946 2406; x_wconf 83' lang='lat' dir='ltr'>fratris</span> <span class='ocrx_word' id='word_1_173' title='bbox 969 2342 1061 2406; x_wconf 90' lang='lat' dir='ltr'>saluti</span> <span class='ocrx_word' id='word_1_174' title='bbox 1084 2343 1261 2426; x_wconf 87' lang='lat' dir='ltr'>anteposita</span> 
     </span>
    </p>

    <p class='ocr_par' dir='ltr' id='par_1_7' title="bbox 196 2446 1261 2634">
     <span class='ocr_line' id='line_1_22' title="bbox 196 2446 1261 2531; baseline 0.003 -23"><span class='ocrx_word' id='word_1_175' title='bbox 196 2462 214 2508; x_wconf 82' lang='grc'>4</span> <span class='ocrx_word' id='word_1_176' title='bbox 231 2467 342 2530; x_wconf 85' lang='lat' dir='ltr'>parere</span> <span class='ocrx_word' id='word_1_177' title='bbox 363 2446 487 2530; x_wconf 81' lang='lat' dir='ltr'>legibus</span> <span class='ocrx_word' id='word_1_178' title='bbox 510 2466 604 2529; x_wconf 89' lang='lat' dir='ltr'>quarn</span> <span class='ocrx_word' id='word_1_179' title='bbox 619 2447 774 2531; x_wconf 87' lang='lat' dir='ltr'>imperare</span> <span class='ocrx_word' id='word_1_180' title='bbox 790 2446 910 2530; x_wconf 86' lang='lat' dir='ltr'>patriae</span> <span class='ocrx_word' id='word_1_181' title='bbox 926 2446 1041 2509; x_wconf 86' lang='lat' dir='ltr'>mallet.</span> <span class='ocrx_word' id='word_1_182' title='bbox 1073 2446 1142 2510; x_wconf 92' lang='lat' dir='ltr'>Hao</span> <span class='ocrx_word' id='word_1_183' title='bbox 1156 2453 1261 2511; x_wconf 88' lang='lat' dir='ltr'>mente</span> 
     </span>
     <span class='ocr_line' id='line_1_23' title="bbox 230 2547 1261 2634; baseline 0 -19"><span class='ocrx_word' id='word_1_184' title='bbox 230 2571 287 2634; x_wconf 85' lang='lat' dir='ltr'>per</span> <span class='ocrx_word' id='word_1_185' title='bbox 319 2550 517 2634; x_wconf 79' lang='lat' dir='ltr'>haruspicem</span> <span class='ocrx_word' id='word_1_186' title='bbox 551 2557 582 2615; x_wconf 87' lang='lat' dir='ltr'>et</span> <span class='ocrx_word' id='word_1_187' title='bbox 616 2569 813 2628; x_wconf 81' lang='lat' dir='ltr'>communem</span> <span class='ocrx_word' id='word_1_188' title='bbox 848 2548 1006 2632; x_wconf 86' lang='lat' dir='ltr'>quendam</span> <span class='ocrx_word' id='word_1_189' title='bbox 1040 2547 1176 2629; x_wconf 88' lang='lat' dir='ltr'>affinem,</span> <span class='ocrx_word' id='word_1_190' title='bbox 1212 2551 1261 2615; x_wconf 82' lang='lat' dir='ltr'>o&#39;ui</span> 
     </span>
    </p>

    <p class='ocr_par' dir='ltr' id='par_1_8' title="bbox 150 2651 1261 3046">
     <span class='ocr_line' id='line_1_24' title="bbox 150 2651 1259 2737; baseline -0.002 -19"><span class='ocrx_word' id='word_1_191' title='bbox 150 2659 153 2664; x_wconf 82' lang='lat'>&#39;</span> <span class='ocrx_word' id='word_1_192' title='bbox 230 2673 316 2719; x_wconf 91' lang='lat' dir='ltr'>soror</span> <span class='ocrx_word' id='word_1_193' title='bbox 346 2675 387 2719; x_wconf 85' lang='lat' dir='ltr'>ex</span> <span class='ocrx_word' id='word_1_194' title='bbox 417 2652 536 2719; x_wconf 87' lang='lat' dir='ltr'>eisdem</span> <span class='ocrx_word' id='word_1_195' title='bbox 565 2654 749 2737; x_wconf 89' lang='lat' dir='ltr'>parentibus</span> <span class='ocrx_word' id='word_1_196' title='bbox 782 2658 858 2716; x_wconf 88' lang='lat' dir='ltr'>nata</span> <span class='ocrx_word' id='word_1_197' title='bbox 878 2659 990 2737; x_wconf 82' lang='lat' dir='ltr'>nupta</span> <span class='ocrx_word' id='word_1_198' title='bbox 1023 2657 1099 2733; x_wconf 86' lang='lat' dir='ltr'>erat,</span> <span class='ocrx_word' id='word_1_199' title='bbox 1134 2651 1259 2718; x_wconf 88' lang='lat' dir='ltr'>fratrem</span> 
     </span>
     <span class='ocr_line' id='line_1_25' title="bbox 230 2754 1261 2840; baseline 0.003 -20"><span class='ocrx_word' id='word_1_200' title='bbox 230 2763 401 2840; x_wconf 83' lang='lat' dir='ltr'>tyrannum</span> <span class='ocrx_word' id='word_1_201' title='bbox 421 2754 672 2822; x_wconf 79' lang='lat' dir='ltr'>interficiendum</span> <span class='ocrx_word' id='word_1_202' title='bbox 695 2757 825 2821; x_wconf 78' lang='lat' dir='ltr'>our-avit.</span> <span class='ocrx_word' id='word_1_203' title='bbox 853 2757 926 2840; x_wconf 89' lang='lat' dir='ltr'>lpse</span> <span class='ocrx_word' id='word_1_204' title='bbox 949 2776 1011 2820; x_wconf 94' lang='lat' dir='ltr'>non</span> <span class='ocrx_word' id='word_1_205' title='bbox 1034 2755 1127 2820; x_wconf 91' lang='lat' dir='ltr'>modo</span> <span class='ocrx_word' id='word_1_206' title='bbox 1149 2778 1261 2823; x_wconf 88' lang='lat' dir='ltr'>manus</span> 
     </span>
     <span class='ocr_line' id='line_1_26' title="bbox 231 2859 1261 2944; baseline 0.002 -20"><span class='ocrx_word' id='word_1_207' title='bbox 231 2880 293 2925; x_wconf 94' lang='lat' dir='ltr'>non</span> <span class='ocrx_word' id='word_1_208' title='bbox 325 2860 439 2940; x_wconf 90' lang='lat' dir='ltr'>attulit,</span> <span class='ocrx_word' id='word_1_209' title='bbox 477 2859 533 2925; x_wconf 88' lang='lat' dir='ltr'>sed</span> <span class='ocrx_word' id='word_1_210' title='bbox 565 2879 607 2924; x_wconf 85' lang='lat' dir='ltr'>ne</span> <span class='ocrx_word' id='word_1_211' title='bbox 639 2860 781 2944; x_wconf 80' lang='lat' dir='ltr'>aspicere</span> <span class='ocrx_word' id='word_1_212' title='bbox 819 2859 945 2942; x_wconf 91' lang='lat' dir='ltr'>quidem</span> <span class='ocrx_word' id='word_1_213' title='bbox 983 2859 1155 2924; x_wconf 88' lang='lat' dir='ltr'>fraternum</span> <span class='ocrx_word' id='word_1_214' title='bbox 1192 2881 1261 2926; x_wconf 86' lang='lat' dir='ltr'>san-</span> 
     </span>
     <span class='ocr_line' id='line_1_27' title="bbox 230 2962 1260 3046; baseline 0.001 -19"><span class='ocrx_word' id='word_1_215' title='bbox 230 2963 358 3046; x_wconf 82' lang='lat' dir='ltr'>guinem</span> <span class='ocrx_word' id='word_1_216' title='bbox 395 2963 501 3028; x_wconf 89' lang='lat' dir='ltr'>voluit.</span> <span class='ocrx_word' id='word_1_217' title='bbox 550 2963 633 3027; x_wconf 87' lang='lat' dir='ltr'>Nam</span> <span class='ocrx_word' id='word_1_218' title='bbox 670 2962 746 3027; x_wconf 90' lang='lat' dir='ltr'>dum</span> <span class='ocrx_word' id='word_1_219' title='bbox 781 2982 833 3028; x_wconf 87' lang='lat' dir='ltr'>res</span> <span class='ocrx_word' id='word_1_220' title='bbox 870 2962 1045 3043; x_wconf 84' lang='lat' dir='ltr'>ooniioitur,</span> <span class='ocrx_word' id='word_1_221' title='bbox 1083 2964 1190 3045; x_wconf 89' lang='lat' dir='ltr'>prooul</span> <span class='ocrx_word' id='word_1_222' title='bbox 1226 2964 1260 3028; x_wconf 93' lang='lat' dir='ltr'>in</span> 
     </span>
    </p>

    <p class='ocr_par' dir='ltr' id='par_1_9' title="bbox 196 3065 1261 3871">
     <span class='ocr_line' id='line_1_28' title="bbox 197 3065 1261 3149; baseline 0 -17"><span class='ocrx_word' id='word_1_223' title='bbox 197 3065 387 3149; x_wconf 80' lang='lat' dir='ltr'>spraesidio</span> <span class='ocrx_word' id='word_1_224' title='bbox 414 3065 483 3147; x_wconf 86' lang='lat' dir='ltr'>fuit,</span> <span class='ocrx_word' id='word_1_225' title='bbox 513 3085 555 3130; x_wconf 90' lang='lat' dir='ltr'>ne</span> <span class='ocrx_word' id='word_1_226' title='bbox 583 3066 653 3148; x_wconf 89' lang='lat' dir='ltr'>quis</span> <span class='ocrx_word' id='word_1_227' title='bbox 680 3066 805 3132; x_wconf 86' lang='lat' dir='ltr'>satelles</span> <span class='ocrx_word' id='word_1_228' title='bbox 832 3073 938 3149; x_wconf 90' lang='lat' dir='ltr'>posset</span> <span class='ocrx_word' id='word_1_229' title='bbox 959 3085 1146 3130; x_wconf 90' lang='lat' dir='ltr'>suoourrere.</span> <span class='ocrx_word' id='word_1_230' title='bbox 1193 3067 1261 3132; x_wconf 91' lang='lat' dir='ltr'>Hoo</span> 
     </span>
     <span class='ocr_line' id='line_1_29' title="bbox 230 3167 1260 3253; baseline 0.003 -22"><span class='ocrx_word' id='word_1_231' title='bbox 230 3169 513 3253; x_wconf 79' lang='lat' dir='ltr'>praeclarissimum</span> <span class='ocrx_word' id='word_1_232' title='bbox 544 3169 610 3234; x_wconf 88' lang='lat' dir='ltr'>eius</span> <span class='ocrx_word' id='word_1_233' title='bbox 639 3169 758 3234; x_wconf 82' lang='lat' dir='ltr'>fantum</span> <span class='ocrx_word' id='word_1_234' title='bbox 789 3189 853 3233; x_wconf 95' lang='lat' dir='ltr'>non</span> <span class='ocrx_word' id='word_1_235' title='bbox 880 3168 948 3252; x_wconf 89' lang='lat' dir='ltr'>pari</span> <span class='ocrx_word' id='word_1_236' title='bbox 975 3167 1067 3233; x_wconf 91' lang='lat' dir='ltr'>modo</span> <span class='ocrx_word' id='word_1_237' title='bbox 1094 3171 1260 3252; x_wconf 89' lang='lat' dir='ltr'>probatum</span> 
     </span>
     <span class='ocr_line' id='line_1_30' title="bbox 231 3271 1260 3356; baseline 0.001 -20"><span class='ocrx_word' id='word_1_238' title='bbox 231 3279 278 3337; x_wconf 89' lang='lat' dir='ltr'>est</span> <span class='ocrx_word' id='word_1_239' title='bbox 299 3272 340 3335; x_wconf 90' lang='lat' dir='ltr'>ab</span> <span class='ocrx_word' id='word_1_240' title='bbox 363 3271 521 3356; x_wconf 81' lang='lat' dir='ltr'>omnibus3</span> <span class='ocrx_word' id='word_1_241' title='bbox 552 3273 695 3336; x_wconf 90' lang='lat' dir='ltr'>nonnulli</span> <span class='ocrx_word' id='word_1_242' title='bbox 724 3272 808 3337; x_wconf 87' lang='lat' dir='ltr'>enirn</span> <span class='ocrx_word' id='word_1_243' title='bbox 833 3272 952 3336; x_wconf 88' lang='lat' dir='ltr'>laesam</span> <span class='ocrx_word' id='word_1_244' title='bbox 978 3272 1019 3336; x_wconf 90' lang='lat' dir='ltr'>ab</span> <span class='ocrx_word' id='word_1_245' title='bbox 1047 3291 1084 3335; x_wconf 92' lang='lat' dir='ltr'>eo</span> <span class='ocrx_word' id='word_1_246' title='bbox 1110 3272 1260 3356; x_wconf 89' lang='lat' dir='ltr'>pietatem</span> 
     </span>
     <span class='ocr_line' id='line_1_31' title="bbox 230 3374 1261 3458; baseline 0.003 -20"><span class='ocrx_word' id='word_1_247' title='bbox 230 3376 383 3458; x_wconf 92' lang='lat' dir='ltr'>putabant</span> <span class='ocrx_word' id='word_1_248' title='bbox 412 3382 443 3439; x_wconf 93' lang='lat' dir='ltr'>et</span> <span class='ocrx_word' id='word_1_249' title='bbox 469 3375 589 3440; x_wconf 88' lang='lat' dir='ltr'>invidia</span> <span class='ocrx_word' id='word_1_250' title='bbox 615 3375 740 3439; x_wconf 89' lang='lat' dir='ltr'>laudern</span> <span class='ocrx_word' id='word_1_251' title='bbox 767 3375 891 3438; x_wconf 91' lang='lat' dir='ltr'>virtutis</span> <span class='ocrx_word' id='word_1_252' title='bbox 921 3374 1114 3438; x_wconf 87' lang='lat' dir='ltr'>obterebant.</span> <span class='ocrx_word' id='word_1_253' title='bbox 1160 3377 1261 3441; x_wconf 87' lang='lat' dir='ltr'>Mater</span> 
     </span>
     <span class='ocr_line' id='line_1_32' title="bbox 230 3475 1261 3562; baseline 0 -20"><span class='ocrx_word' id='word_1_254' title='bbox 230 3498 304 3542; x_wconf 88' lang='lat' dir='ltr'>vero</span> <span class='ocrx_word' id='word_1_255' title='bbox 333 3483 404 3562; x_wconf 91' lang='lat' dir='ltr'>post</span> <span class='ocrx_word' id='word_1_256' title='bbox 432 3475 466 3541; x_wconf 90' lang='lat' dir='ltr'>id</span> <span class='ocrx_word' id='word_1_257' title='bbox 495 3477 612 3542; x_wconf 84' lang='lat' dir='ltr'>fautum</span> <span class='ocrx_word' id='word_1_258' title='bbox 643 3497 745 3558; x_wconf 87' lang='lat' dir='ltr'>neque</span> <span class='ocrx_word' id='word_1_259' title='bbox 774 3477 901 3541; x_wconf 85' lang='lat' dir='ltr'>domum</span> <span class='ocrx_word' id='word_1_260' title='bbox 935 3476 976 3541; x_wconf 90' lang='lat' dir='ltr'>ad</span> <span class='ocrx_word' id='word_1_261' title='bbox 1010 3497 1044 3542; x_wconf 88' lang='lat' dir='ltr'>se</span> <span class='ocrx_word' id='word_1_262' title='bbox 1077 3477 1175 3543; x_wconf 88' lang='lat' dir='ltr'>filium</span> <span class='ocrx_word' id='word_1_263' title='bbox 1206 3479 1261 3544; x_wconf 90' lang='lat' dir='ltr'>ad-</span> 
     </span>
     <span class='ocr_line' id='line_1_33' title="bbox 230 3581 1260 3665; baseline 0.003 -20"><span class='ocrx_word' id='word_1_264' title='bbox 230 3581 315 3646; x_wconf 91' lang='lat' dir='ltr'>misit</span> <span class='ocrx_word' id='word_1_265' title='bbox 344 3601 446 3663; x_wconf 87' lang='lat' dir='ltr'>neque</span> <span class='ocrx_word' id='word_1_266' title='bbox 475 3582 610 3665; x_wconf 81' lang='lat' dir='ltr'>aspexit,</span> <span class='ocrx_word' id='word_1_267' title='bbox 642 3582 715 3663; x_wconf 89' lang='lat' dir='ltr'>quin</span> <span class='ocrx_word' id='word_1_268' title='bbox 746 3601 817 3646; x_wconf 88' lang='lat' dir='ltr'>eum</span> <span class='ocrx_word' id='word_1_269' title='bbox 844 3581 1036 3646; x_wconf 82' lang='lat' dir='ltr'>fratricidam</span> <span class='ocrx_word' id='word_1_270' title='bbox 1066 3581 1260 3665; x_wconf 85' lang='lat' dir='ltr'>impiumque</span> 
     </span>
     <span class='ocr_line' id='line_1_34' title="bbox 196 3684 1259 3768; baseline -0.001 -16"><span class='ocrx_word' id='word_1_271' title='bbox 196 3685 375 3768; x_wconf 84' lang='lat' dir='ltr'>opreoibus</span> <span class='ocrx_word' id='word_1_272' title='bbox 397 3684 558 3752; x_wconf 86' lang='lat' dir='ltr'>detestans</span> <span class='ocrx_word' id='word_1_273' title='bbox 581 3686 790 3768; x_wconf 88' lang='lat' dir='ltr'>oompellaret.</span> <span class='ocrx_word' id='word_1_274' title='bbox 836 3684 957 3761; x_wconf 81' lang='lat' dir='ltr'>Quibus</span> <span class='ocrx_word' id='word_1_275' title='bbox 984 3685 1077 3749; x_wconf 85' lang='lat' dir='ltr'>rebus</span> <span class='ocrx_word' id='word_1_276' title='bbox 1104 3686 1157 3750; x_wconf 91' lang='lat' dir='ltr'>ille</span> <span class='ocrx_word' id='word_1_277' title='bbox 1178 3684 1259 3751; x_wconf 88' lang='lat' dir='ltr'>adeo</span> 
     </span>
     <span class='ocr_line' id='line_1_35' title="bbox 231 3788 1260 3871; baseline 0.001 -18"><span class='ocrx_word' id='word_1_278' title='bbox 231 3794 278 3853; x_wconf 88' lang='lat' dir='ltr'>est</span> <span class='ocrx_word' id='word_1_279' title='bbox 322 3795 508 3870; x_wconf 83' lang='lat' dir='ltr'>commotus,</span> <span class='ocrx_word' id='word_1_280' title='bbox 553 3795 587 3853; x_wconf 93' lang='lat' dir='ltr'>ut</span> <span class='ocrx_word' id='word_1_281' title='bbox 628 3809 864 3871; x_wconf 88' lang='lat' dir='ltr'>nonnumquam</span> <span class='ocrx_word' id='word_1_282' title='bbox 900 3789 986 3852; x_wconf 89' lang='lat' dir='ltr'>vitae</span> <span class='ocrx_word' id='word_1_283' title='bbox 1023 3788 1118 3854; x_wconf 82' lang='lat' dir='ltr'>finem</span> <span class='ocrx_word' id='word_1_284' title='bbox 1155 3788 1260 3854; x_wconf 86' lang='lat' dir='ltr'>faeere</span> 
     </span>
    </p>
   </div>
   <div class='ocr_carea' id='block_1_3' title="bbox 0 0 1450 4196">
    <p class='ocr_par' dir='ltr' id='par_1_10' title="bbox 0 0 1450 4196">
     <span class='ocr_line' id='line_1_36' title="bbox 0 0 1450 4196; baseline 0 0"><span class='ocrx_word' id='word_1_285' title='bbox 0 0 1450 4196; x_wconf 95' lang='lat' dir='ltr'> </span> 
     </span>
    </p>
   </div>
   <div class='ocr_carea' id='block_1_4' title="bbox 1443 0 1445 926">
    <p class='ocr_par' dir='ltr' id='par_1_11' title="bbox 1443 0 1445 926">
     <span class='ocr_line' id='line_1_37' title="bbox 1443 0 1445 926; baseline 0 0"><span class='ocrx_word' id='word_1_286' title='bbox 1443 0 1445 926; x_wconf 95' lang='lat' dir='ltr'> </span> 
     </span>
    </p>
   </div>
   <div class='ocr_carea' id='block_1_5' title="bbox 1443 2539 1445 3392">
    <p class='ocr_par' dir='ltr' id='par_1_12' title="bbox 1443 2539 1445 3392">
     <span class='ocr_line' id='line_1_38' title="bbox 1443 2539 1445 3392; baseline 0 0"><span class='ocrx_word' id='word_1_287' title='bbox 1443 2539 1445 3392; x_wconf 95' lang='lat' dir='ltr'> </span> 
     </span>
    </p>
   </div>
  </div>
 </body>
</html>
