2890 4196
466 202 557 256 xxv.
577 201 746 258 osricus.
765 205 806 258 21.
820 205 861 258 aa.
1120 169 1179 250 111¹

148 376 319 442 accessisse
341 375 449 456 sensit,
472 375 647 460 Agrippam
668 395 821 460 generum
843 374 885 438 ad
908 394 943 441 se
958 375 1076 442 arcessi
1090 376 1181 442 iussit

149 485 180 544 et
203 499 274 545 cum
296 499 333 544 eo
355 479 390 543 L.
409 479 588 544 Cornelium
610 479 745 544 Balbum
760 478 955 562 Sextumque
969 478 1179 545 Peducaeum.

148 582 213 647 Hos
236 587 271 646 ut
292 581 417 647 venisse
443 580 533 663 vidit,
560 581 594 646 in
621 580 761 646 cubitum
783 581 912 647 innixus
935 574 1114 659 ‘Quantam'
1136 583 1216 653 ins

147 684 215 768 quit
237 678 354 750 ‘curam
376 683 635 767 diligentiamque
650 685 684 749 in
699 684 881 750 valetudine
897 705 969 750 mea
983 684 1102 750 tuenda
1121 685 1181 751 hoo

146 794 287 873 tempore
312 787 520 869 adhibuerim,
550 808 621 853 cum
648 808 705 854 vos
731 795 828 855 testes
850 788 996 869 habeam,
1027 789 1108 853 nihil
1129 810 1182 855 ne·

147 912 234 959 cesse
257 898 305 958 est
326 891 467 976 pluribus
487 892 593 958 verbis
608 912 861 958 commemorare.
886 891 1008 982 Quibus
1023 893 1180 975 quoniam,

146 1005 181 1061 ut
210 1015 317 1081 spero,
347 995 500 1076 satisfeci,
531 1017 583 1061 me
614 995 693 1060 nihil
721 996 835 1080 reliqui
864 997 993 1078 fecisse,
1027 995 1110 1078 quod
1140 995 1181 1060 ad

147 1099 324 1166 sanandum
346 1119 398 1165 me
419 1099 601 1184 pertineret,
630 1100 786 1183 reliquum
809 1106 866 1182 est,
896 1106 931 1165 ut
958 1106 1083 1183 egomet
1105 1101 1182 1165 mihi

147 1204 315 1270 consulam.
350 1201 389 1267 Id
417 1222 474 1269 vos
504 1203 650 1286 ignorare
679 1204 779 1288 nolui;
811 1224 885 1268 nam
913 1203 989 1268 mihi
1012 1209 1075 1269 stat
1097 1204 1215 1278 aleres
1311 1221 1313 1226 ·

146 1306 290 1372 morbum
324 1304 477 1370 desinere.
523 1306 671 1388 Namque
705 1305 755 1370 his
790 1304 902 1372 diebus
935 1305 1088 1389 quidquid
1118 1307 1181 1372 cibi

146 1409 275 1494 sumpsi,
303 1409 348 1474 ita
376 1408 512 1492 produxi
533 1409 643 1491 vitam,
664 1415 701 1475 ut
722 1409 866 1475 auxerim
888 1409 1011 1476 dolores
1033 1410 1102 1476 sine
1124 1430 1181 1494 spe

145 1513 263 1578 salutis.
308 1511 413 1588 Quare
435 1533 456 1576 a
477 1512 568 1577 vobis
591 1519 673 1596 peto,
701 1513 838 1596 primum
865 1519 900 1577 ut
922 1513 1088 1582 consilium
1110 1534 1179 1598 pro-

144 1617 226 1682 betis
246 1636 360 1697 meum,
384 1614 509 1696 deinde,
537 1636 577 1680 ne
600 1615 716 1681 frustra
737 1615 933 1682 dehortando
955 1614 1109 1700 impedire
1132 1637 1179 1681 co

145 1715 284 1785 nemini’.
329 1719 398 1786 Hac
420 1719 561 1785 oratione
583 1718 692 1784 habita
714 1725 804 1784 tanta
827 1721 1004 1786 constantia
1026 1719 1114 1786 vocis
1135 1725 1180 1784 at
1194 1733 1231 1787 ‘32

146 1845 206 1907 que
232 1824 346 1904 vultus,
377 1830 412 1886 ut
439 1844 502 1888 non
533 1843 574 1888 ex
601 1823 681 1904 vita,
713 1823 770 1888 sed
799 1843 840 1889 ex
867 1822 960 1889 domo
989 1824 1023 1887 in
1053 1823 1179 1888 domum

144 1927 303 1995 videretur
318 1928 463 2010 migrare,
487 1946 558 1991 cum
581 1925 708 2008 quidem
722 1927 865 2011 Agrippa
888 1947 960 1992 eum
982 1926 1062 1992 flens
1083 1931 1213 2010 atquea

144 2032 289 2098 osculans
311 2037 414 2096 oraret
434 2037 530 2112 atque
552 2031 740 2110 obsecraret,
764 2049 805 2094 ne
827 2028 870 2110 id,
895 2029 978 2112 quod
1001 2036 1116 2095 natura
1131 2050 1178 2094 co-

143 2141 241 2222 geret,
264 2135 333 2219 ipse
355 2153 478 2217 quoque
501 2132 562 2198 sibi
585 2134 783 2215 acceleraret,
808 2139 840 2198 et
860 2134 1008 2215 quoniam
1023 2139 1090 2198 turn
1106 2153 1178 2216 quo-

144 2259 205 2322 que
227 2243 334 2324 posset
355 2236 550 2321 temporibus
576 2255 752 2321 superesse,
780 2255 815 2302 se
842 2237 903 2300 sibi
930 2237 1057 2318 suisque
1084 2256 1179 2303 reser-

144 2349 243 2422 varet,
273 2360 384 2425 preces
414 2340 481 2406 eius
511 2339 667 2405 taciturna
697 2359 755 2404 sua
784 2338 996 2404 obstinatione
1018 2340 1177 2424 repressit.

144 2446 197 2513 Sic
220 2465 291 2509 oum
312 2442 443 2511 biduum
466 2443 536 2508 cibo
564 2462 598 2509 se
624 2442 840 2523 abstinuisset,
871 2441 974 2507 subito
1001 2441 1100 2508 febris
1128 2441 1212 2511 dea

145 2548 239 2615 cessit
259 2548 418 2630 leviorque
440 2547 567 2612 morbus
590 2565 660 2611 esse
683 2546 794 2630 coepit.
839 2547 962 2610 Tamen
984 2545 1178 2630 propositum

143 2652 241 2718 nihilo
270 2651 368 2716 setius
396 2649 528 2734 peregit.
574 2649 685 2732 Itaque
715 2648 767 2712 die
797 2649 917 2731 quinto,
951 2654 1119 2732 postquam
1145 2649 1178 2712 id

145 2755 308 2822 consilium
329 2753 453 2834 inierat,
475 2753 577 2837 pridie
591 2751 662 2817 Kal.
676 2752 801 2836 Apriles
817 2752 874 2818 On.
887 2751 1025 2816 Domitio
1041 2752 1075 2817 G.
1089 2752 1178 2818 Sosio
1286 2769 1291 2782 ⁶

144 2859 323 2926 consulibus
345 2856 489 2922 decessit.
517 2857 627 2921 Elatus
650 2856 753 2920 estin
776 2854 932 2935 lecticula,
955 2861 991 2918 ut
1006 2855 1074 2938 ipse
1089 2875 1177 2940 prae·
1195 2877 1212 2924 4

144 2963 321 3047 scripserat,
345 2961 414 3026 sine
429 2960 494 3024 ulla
508 2980 625 3044 pompa
638 2958 768 3040 funeris,
794 2957 1019 3023 comitantibus
1034 2958 1178 3024 omnibus

143 3066 244 3147 bonis,
267 3063 408 3129 maxima
429 3063 517 3148 vulgi
538 3062 726 3145 frequentia.
762 3061 910 3145 Sepultus
926 3069 974 3126 est
989 3061 1079 3127 iuxta
1092 3062 1178 3127 viam

143 3169 279 3254 Appiam
301 3166 343 3231 ad
367 3166 510 3249 quintum
533 3165 671 3250 lapidem
692 3165 726 3230 in
749 3170 952 3229 monumento
976 3163 1013 3240 Q.
1037 3164 1177 3245 Caecilii,

143 3271 290 3338 avunculi
312 3271 370 3336 sui.
