2934 4192
285 174 336 228 Ill.
347 173 557 229 ARISTIDES.
575 177 600 230 2.
613 177 637 230 3.
673 173 723 229 IV.
742 172 971 230 PAUSANIAS.
991 176 1015 228 1.
1026 176 1052 228 2.
1144 157 1184 222 15

153 353 245 414 erant
265 345 518 412 Lacedaemonii.
556 349 638 412 Tum
659 353 765 412 autem
789 353 820 411 et
842 346 1087 431 intemperantia
1107 347 1186 414 Pau-

153 452 262 518 saniae
285 456 317 516 et
337 450 457 516 iustitia
478 449 670 526 factumest
691 450 848 531 Aristidis,
870 455 906 514 ut
927 470 1037 516 omncs
1059 449 1126 515 fere
1148 449 1188 513 oi-

154 556 269 621 vitates
298 554 450 620 Graeciae
479 553 520 618 ad
546 553 787 619 Atheniensium
816 553 998 619 societatem
1027 571 1063 618 se
1091 553 1189 637 appli-

156 665 264 724 carent
289 664 322 724 et
346 657 500 724 adversus
526 658 678 724 barbaros
704 657 763 723 hos
790 657 852 722 sibi
879 657 976 722 duces
1003 656 1187 740 deligerent.

156 762 242 840 Quos
269 782 330 845 quo
356 761 481 827 facilius
506 762 705 846 repellerent,
736 762 763 826 si
789 760 871 827 sorte
896 761 1015 828 bellum
1035 775 1225 831 renovarca

156 873 352 947 conarentur,
379 865 422 929 ad
449 866 566 931 classes
587 865 804 930 aedificandas
826 865 1047 946 exercitusque
1069 884 1191 948 compa-

155 971 272 1036 randos
292 975 444 1053 qnantum
462 969 616 1054 pecuniae
636 988 780 1052 quaeque
796 969 907 1034 civitas
921 967 1020 1050 daret,
1035 967 1191 1034 Aristides

157 1075 297 1139 delectus
323 1078 372 1139 est
401 1073 455 1155 qui
482 1073 694 1154 constitueret,
724 1073 856 1154 eiusque
889 1071 1018 1136 arbitrio
1048 1070 1192 1154 quadrin-
1246 1073 1249 1080 ’

157 1199 241 1262 gena
263 1183 295 1242 et
317 1197 480 1260 sexagena
500 1177 621 1241 talenta
644 1176 811 1259 quotannis
833 1176 948 1240 Delum
970 1181 1045 1240 sunt
1067 1175 1190 1240 collata.

157 1281 196 1347 Id
218 1281 303 1346 enim
325 1300 490 1346 commune
511 1280 667 1345 aerarium
691 1299 761 1367 esse
782 1280 957 1345 voluerunt.
987 1277 1075 1355 Quae
1091 1279 1193 1344 omnis

157 1385 293 1470 pecunia
313 1389 439 1469 postero
460 1389 602 1467 tempore
624 1382 780 1448 aPericle
793 1381 938 1448 Athenas
959 1382 1112 1446 translata
1134 1388 1190 1446 est.

157 1491 231 1573 Ipse
253 1507 316 1570 qua
337 1487 432 1552 fuerit
453 1487 656 1568 abstinentia,
686 1487 806 1550 nullum
829 1491 878 1552 est
900 1486 1015 1551 certius
1042 1484 1227 1549 indiciume

159 1613 253 1676 qnam
277 1591 369 1674 quod,
398 1611 469 1655 cum
491 1591 589 1656 tantis
610 1591 706 1656 rebus
726 1588 927 1674 praefuisset,
951 1590 984 1653 in
1007 1594 1098 1652 tanta
1118 1608 1191 1672 pau-

158 1701 280 1782 pertate
302 1694 448 1777 decessit,
471 1700 516 1776 ut,
539 1694 624 1759 unde
648 1695 819 1775 efferretur,
842 1693 897 1758 vix
919 1692 1089 1774 reliquerit.
1122 1691 1191 1769 Quo
1210 1709 1225 1755 3
1243 1717 1346 1760 ιιιιοι.

159 1801 278 1864 sactum
307 1803 364 1879 est,
394 1804 429 1862 ιιι
458 1797 543 1862 filiae
573 1797 640 1862 eius
666 1797 793 1882 publice
814 1796 1028 1862 alerenturet
1050 1796 1090 1860 de
1112 1816 1193 1861 com·

160 1904 247 1968 muni
269 1902 389 1968 aerario
412 1901 538 1967 dotibus
560 1900 643 1967 datis
665 1902 900 1968 collocarentur.
926 1901 1073 1966 Decessit
1087 1905 1193 1964 autem

160 2013 232 2093 post
260 2011 405 2090 quartum
434 2005 502 2070 fere
531 2025 649 2069 annum
680 2024 775 2088 quam
806 2005 1033 2070 Themistocles
1058 2003 1194 2070 Athenis

161 2116 230 2177 erat
252 2110 413 2195 expulsus.

262 2215 317 2278 IV.
341 2214 521 2277 Prnsrnms
548 2211 818 2278 Lacedaemonius
846 2232 981 2297 magnus
1007 2211 1109 2293 homo,
1138 2212 1227 2280 sedr

161 2318 268 2383 varius
288 2317 321 2382 in
345 2316 431 2381 omni
452 2336 570 2400 genere
591 2317 677 2380 vitae
700 2316 768 2380 fuit.
802 2317 886 2381 Nam
900 2322 936 2380 ιιι
950 2315 1118 2381 virtutibus
1134 2315 1195 2379 elu-

162 2422 218 2504 xit,
241 2421 287 2485 sio
309 2420 394 2484 vitiis
417 2420 616 2485 obruebatur.
650 2420 783 2484 Factum
803 2420 871 2484 eius
890 2419 1132 2484 illustrissimum
1148 2425 1196 2483 est

160 2525 313 2611 proelium
327 2525 522 2588 Plataeense.
554 2524 699 2605 Namque
714 2523 767 2587 illo
790 2520 870 2588 duce
885 2521 1077 2603 Mardonius,
1099 2527 1194 2585 satra-
1212 2542 1228 2588 a

163 2648 219 2713 pes
241 2628 357 2713 regius,
379 2626 470 2692 Darii
490 2627 576 2709 regis
598 2645 706 2709 gener,
728 2626 762 2690 iu
788 2626 898 2710 primis
924 2625 1063 2690 omnium
1088 2625 1196 2689 Persa-
1314 2659 1320 2668 ·

162 2737 285 2797 mmet
310 2752 407 2796 manu
436 2731 527 2796 fortis
557 2736 589 2794 et
611 2729 732 2794 consihi
754 2730 876 2813 plenus,
902 2749 974 2794 cum
997 2729 1049 2795 OG
1071 2728 1197 2793 milibus

162 2835 313 2921 peditum,
345 2855 423 2918 quos
444 2834 561 2900 viritim
585 2834 714 2917 legerat,
745 2839 777 2897 et
798 2834 863 2898 XX
885 2833 1024 2914 equitum
1045 2830 1131 2896 haud
1151 2832 1197 2896 ita

164 2959 280 3023 magna
302 2959 399 3004 manu
414 2938 565 3004 Graeciae
579 2937 718 3022 fugatus,
733 2936 802 3020 ipse
818 2955 855 3000 eo
871 2935 989 3020 proelio
1008 2955 1119 3000 caesus
1138 2941 1195 3000 est.

166 3042 237 3118 Qua
259 3042 391 3107 victoria
413 3043 514 3107 elatus
528 3043 619 3127 plura
640 3041 772 3106 miscere
787 3040 891 3124 coepit
912 3045 945 3103 et
958 3039 1077 3104 maiora
1088 3057 1230 3104 conch-3

164 3146 293 3230 piscere.
322 3144 386 3212 Sed
397 3146 532 3230 primum
544 3146 578 3209 in
591 3165 628 3210 eo
640 3149 689 3210 est
697 3143 917 3228 reprehensus,
926 3142 1009 3224 quod
1024 3141 1198 3226 expraeda

165 3247 319 3333 tripodem
340 3269 471 3314 aureum
493 3249 626 3333 Delphis
647 3247 813 3332 posuisset,
836 3247 870 3312 in
892 3266 953 3329 quo
973 3247 1053 3311 haec
1072 3252 1140 3311 erat
1153 3247 1198 3310 in-

165 3353 282 3437 scripta
302 3353 475 3417 sententia:
499 3372 555 3418 suo
578 3352 673 3416 ductu
687 3351 839 3417 barbaros
859 3349 946 3435 apud
959 3350 1105 3416 Plataeas
1128 3371 1197 3416 esse

166 3455 286 3521 deletos
317 3456 447 3539 eiusque
469 3456 619 3521 victoriae
641 3474 716 3538 ergo
738 3454 877 3539 Apollini
898 3452 933 3518 id
951 3452 1068 3518 donum
1089 3473 1124 3519 se
1146 3454 1197 3520 de·

166 3558 259 3624 disse.
287 3560 475 3625 Hosversus
486 3558 731 3625 Lacedaemonii
743 3559 983 3642 exsculpserunt
996 3577 1099 3640 neque
1110 3557 1197 3623 aliud
1215 3573 1232 3620 4

166 3663 392 3746 inscripserunt
407 3682 501 3745 quam
516 3662 647 3728 nomina
662 3683 769 3727 earum
786 3660 958 3742 civitatum,
971 3680 1100 3743 quarum
1111 3664 1199 3727 auxi·

52 3824 54 3828 ,
167 3765 532 3831 lioPersaeerantvicti.
563 3764 640 3831 Post
650 3763 683 3829 id
694 3765 845 3848 proelium
862 3763 997 3828 eundern
1008 3765 1233 3829 Pausaniam2
