2934 4192
289 197 309 259 8
597 213 631 265 ll.
651 211 934 265 THEMISTOCLES.
953 215 977 267 2.
996 215 1018 266 3.

256 395 274 447 ‘h
395 385 518 450 Primus
532 390 638 448 autern
654 384 770 468 gradus
791 384 851 448 fuit
873 367 1086 468 capessendae
1109 385 1154 450 rei
1176 386 1320 469 publicae

292 488 373 553 bello
399 488 600 573 Aeginetico;
631 488 673 552 ad
703 487 785 570 quod
811 487 983 572 gerendum
1012 495 1136 572 praetor
1161 509 1181 553 a
1207 490 1320 574 populo

292 593 394 656 factus
417 612 480 656 non
503 592 602 656 solum
624 591 782 675 praesenti
805 591 896 673 bello,
919 590 977 656 sed
999 593 1093 655 etiam
1114 592 1232 674 reliquo
1247 599 1321 657 tern-

259 708 368 779 apore
390 693 573 759 ferociorem
600 693 737 758 reddidit
768 694 936 759 civitatem.
981 695 1064 760 Nam
1092 715 1162 758 curn
1189 696 1323 779 pecunia
1415 680 1418 812 ι

293 798 428 882 publica,
452 818 532 880 quac
556 817 596 862 ex
619 798 753 862 metallis
776 797 907 879 redibat,
930 797 1047 862 viritim
1069 798 1151 862 inter
1173 799 1258 864 cives
1281 798 1323 862 di-

136 916 239 957 aruer.
294 901 363 966 visa
385 902 554 983 quotannis
571 901 722 982 interiret,
745 901 798 964 illc
813 900 969 985 persuasit
983 901 1107 984 populo,
1130 907 1165 965 ut
1180 921 1218 965 ca
1232 922 1323 986 pecu-

1418 826 1420 958 l

259 1005 347 1069 ania
370 1004 478 1069 classis
505 1010 630 1069 centum
657 1004 787 1068 navium
813 1002 1040 1068 aedificaretur.
1086 1002 1157 1080 Qua
1183 1005 1324 1069 celeriter
1420 972 1421 1028 l

294 1109 407 1172 effecta
428 1108 563 1192 primum
582 1107 755 1191 Aeginetae
778 1107 881 1191 fregit,
905 1106 1021 1173 deinde
1043 1107 1216 1173 maritimos
1237 1129 1324 1192 prae·

294 1211 392 1277 dones
423 1211 633 1276 consectando
663 1231 749 1275 mare
778 1217 879 1276 tutum
910 1210 1055 1276 reddidit.
1100 1213 1138 1276 In
1166 1231 1226 1293 quo
1254 1230 1323 1276 cum
1423 1243 1424 1248 1

294 1315 412 1380 divitiis
435 1315 558 1378 ornavit
580 1321 646 1379 tum
670 1315 765 1379 etiam
788 1313 992 1397 peritissimos
1014 1314 1089 1379 belli
1112 1314 1236 1379 navalis
1250 1313 1325 1378 fecit

260 1426 276 1472 4
294 1418 514 1484 Athenienses.
542 1418 580 1483 Id
603 1423 740 1500 quantae
762 1418 856 1483 saluti
874 1416 968 1482 fuerit
982 1418 1148 1484 universae
1164 1417 1325 1500 Graeciae,

295 1523 377 1588 bello
400 1522 560 1606 cognitum
584 1527 631 1587 est
653 1521 788 1586 Persico.
992 1589 994 1594 ,

138 1638 240 1678 480666·
397 1613 480 1690 Nam
497 1645 567 1690 curn
582 1626 707 1691 Xerxes
723 1631 755 1690 et
776 1625 855 1690 mari
878 1631 910 1691 ct
931 1632 1014 1691 terra
1028 1625 1145 1691 bellum
1160 1625 1326 1691 universae

295 1729 426 1794 inferret
447 1730 592 1814 Europae
615 1750 686 1794 cum
708 1730 806 1795 tantis
828 1730 934 1812 copiis,
964 1736 1096 1812 quantas
1122 1749 1226 1811 neque
1252 1735 1327 1793 ante

261 1857 277 1904 s
295 1852 354 1897 nec
376 1838 486 1916 postea
508 1833 618 1898 habuit
638 1833 819 1914 quisquam:
843 1833 952 1898 classis
967 1833 1052 1897 cuim
1067 1833 1151 1899 mille
1167 1839 1198 1898 et
1213 1833 1327 1900 ducen-

296 1943 397 2001 tarum
420 1937 549 2002 navium
571 1937 735 2020 longarum
758 1936 826 2017 fuit,
854 1957 949 2021 quam
976 1934 1038 2001 duo
1064 1937 1152 2002 milia
1173 1937 1327 2002 oneraria-

296 2062 364 2105 rum
380 2041 600 2123 sequebantur,
621 2040 775 2105 terrestris
790 2045 895 2104 autem
912 2041 1068 2105 exercitus
1079 2041 1162 2108 DCC
1176 2043 1326 2126 peditum,
1435 2071 1436 2114 r

263 2145 437 2227 sequitum
453 2144 477 2209 O
494 2144 579 2207 milia
601 2143 737 2224 fuerunt,
754 2180 790 2189 —
815 2143 902 2208 cuius
925 2142 965 2208 dc
987 2143 1126 2209 adventu
1149 2163 1220 2209 cum
1242 2144 1328 2210 sama

296 2249 329 2312 in
353 2246 516 2312 Graeciam
545 2251 628 2311 esset
654 2247 776 2330 perlata
806 2253 837 2311 et
866 2247 1004 2312 maxime
1026 2247 1236 2314 Athenienses
1262 2250 1327 2334 peti

298 2350 472 2415 dicerenter
498 2356 624 2434 propter
650 2369 790 2433 pugnam
816 2349 1054 2432 Marathoniam,
1083 2351 1235 2417 miserunt
1253 2352 1328 2424 Del-

297 2454 376 2538 phos
399 2454 583 2534 consultum,
608 2452 757 2535 quidnam
780 2452 920 2517 facerent
943 2453 1091 2519 derebus
1107 2455 1180 2520 suis.
1213 2456 1328 2522 Consu-

297 2558 434 2623 lentibus
455 2557 572 2640 Pythia
598 2557 768 2641 respondit,
795 2563 830 2620 ut
851 2557 1016 2622 moenibus
1038 2557 1151 2640 ligneis
1174 2577 1208 2623 se
1230 2558 1328 2623 muni·

266 2666 377 2735 trent.
412 2659 450 2724 Id
471 2681 655 2744 responsum
678 2680 739 2742 quo
761 2660 890 2741 valeret,
913 2680 984 2743 curn
1006 2659 1203 2744 intellegeret
1226 2681 1326 2742 nemo,

298 2764 524 2830 Themistocles
554 2764 710 2848 persuasit
740 2763 904 2829 consilium
935 2783 1003 2829 esse
1033 2764 1201 2848 Apollinis,
1232 2770 1266 2829 ut
1295 2764 1327 2828 in

299 2886 397 2932 naves
420 2887 454 2933 se
476 2855 595 2950 suaque
619 2867 812 2932 conferrent:
837 2888 908 2932 eum
931 2868 1015 2933 enim
1037 2889 1057 2933 a
1079 2867 1138 2933 deo
1158 2867 1328 2953 significari

266 2996 281 3044 s
300 2992 421 3035 murum
444 2971 591 3054 ligneum.
637 2972 706 3036 Hoc
728 2971 857 3037 consilio
879 2972 1010 3056 probato
1032 2970 1154 3036 addunt
1176 2970 1218 3036 ad
1239 2990 1328 3056 supe·

299 3075 395 3139 riores
410 3075 539 3139 totidem
556 3095 654 3142 naves
670 3075 812 3140 triremes
827 3094 946 3158 suaque
969 3076 1082 3157 omnia,
1107 3095 1188 3158 quae
1210 3076 1329 3141 moveri

299 3183 452 3263 poterant,
480 3179 593 3262 partim
621 3178 789 3260 Salamina,
817 3180 931 3262 partim
958 3180 1119 3244 Troezena
1145 3177 1327 3263 deportant3

300 3301 403 3346 arcem
432 3281 646 3348 sacerdotibus
673 3283 844 3366 paucisque
871 3282 1040 3348 maioribus
1068 3288 1145 3346 natu
1171 3281 1214 3347 ad
1240 3303 1329 3348 sacra

264 3385 496 3469 sproouranda
524 3384 660 3467 tradunt,
691 3386 844 3468 reliquum
875 3385 1024 3470 oppidum
1054 3385 1241 3467 relinquunt.
1291 3385 1329 3450 ld

300 3487 462 3552 consilium
484 3488 640 3572 plerisque
663 3488 842 3554 civitatibus
864 3486 1050 3573 displicebat
1073 3494 1104 3553 et
1125 3488 1158 3552 in
1181 3495 1264 3553 terra
1286 3487 1324 3552 di·

300 3591 408 3656 micari
434 3592 536 3675 magis
562 3592 716 3675 placebat.
762 3593 873 3674 Itaque
903 3591 989 3657 missi
1017 3597 1090 3657 sunt
1117 3590 1231 3657 delecti
1258 3611 1328 3656 curn

300 3693 449 3776 Leonida,
473 3694 792 3760 Lacedaemoniorum
815 3715 900 3778 rege,
925 3695 976 3777 qui
991 3693 1220 3777 Thermopylas
1241 3713 1325 3758 occu·

301 3804 412 3882 parent
433 3798 618 3880 longiusque
639 3798 790 3865 barbaros
812 3797 959 3882 progredi
977 3797 1186 3882 prohiberent.
1221 3795 1248 3860 Ii
1264 3795 1327 3860 vim
