2934 4192
290 205 331 268 38
692 224 727 277 x.
745 223 841 279 mou.
860 228 884 281 5.
903 227 928 280 o.

290 395 508 480 proficiebant,
539 395 623 478 quod
648 397 816 461 multorum
843 418 996 462 annorum
1023 399 1167 481 tyrannis
1197 419 1322 484 magna·

289 521 357 564 rum
385 520 478 584 opum
506 519 576 564 esse
603 501 782 583 putabatur.
829 498 932 576 Quam
954 503 993 566 ob
1018 521 1145 566 causam
1167 503 1260 586 pauci
1281 501 1323 567 ad

256 604 471 668 asooietatem
493 602 623 686 periculi
645 602 906 686 perducebantur.
941 603 1005 670 Sed
1024 605 1116 686 Dion,
1139 605 1237 670 fretus
1259 626 1322 670 uon

289 713 354 770 tam
376 707 440 772 suis
462 707 561 790 copiis
582 726 676 788 quam
696 705 768 771 odio
787 707 915 790 tyranni
935 714 967 772 et
982 693 1038 774 suo
1053 708 1192 772 maxime
1207 708 1322 790 animo,

289 809 410 875 duabus
422 810 572 875 onerariis
587 810 722 875 navibus
735 810 964 894 quinquaginta
977 831 1132 876 annorum
1146 812 1321 896 imperium,

288 915 442 979 munitum
464 913 647 996 quingentis
669 913 772 996 longis
795 914 940 995 navibus,
964 912 1073 979 decem
1093 914 1233 996 equitum
1253 936 1322 981 cen·

287 1022 416 1098 tumque
450 1016 591 1102 peditum
626 1016 767 1097 milibus,
802 1024 1018 1102 oppugnatum
1051 1016 1210 1102 profectus
1241 1016 1322 1084 adeo

287 1122 379 1186 facile
401 1121 543 1205 perculit,
567 1126 602 1185 ut
624 1126 696 1204 post
718 1120 801 1185 diem
823 1121 960 1203 tertium,
985 1141 1079 1203 quam
1095 1121 1232 1187 Siciliam
1255 1123 1323 1186 atti·

286 1230 385 1308 gerat,
413 1223 587 1307 Syracusas
613 1223 764 1289 introiret.
810 1225 860 1288 Ex
883 1245 944 1307 quo
966 1225 1108 1307 intellegi
1130 1231 1234 1308 potest
1256 1227 1323 1290 nul-

190 1361 193 1370 ·
287 1328 351 1392 lum
382 1347 452 1392 esse
481 1327 647 1410 imperium
677 1334 778 1392 tutum
807 1327 869 1392 nisi
901 1328 1124 1393 benevolentia
1156 1329 1320 1393 munitum.

253 1431 332 1495 4Εο
354 1436 494 1514 tempore
516 1432 627 1496 aberat
648 1430 820 1514 Dionysius
848 1437 880 1495 et
905 1431 939 1494 iu
961 1430 1053 1494 Italia
1075 1431 1206 1495 classem
1229 1451 1322 1516 oppe-

286 1534 424 1598 riebatur
438 1532 698 1614 adversariorum,
718 1540 805 1600 ratus
821 1535 979 1598 neminem
995 1534 1064 1598 sine
1083 1534 1208 1618 magnis
1223 1535 1322 1619 copiis

252 1635 326 1700 sad
350 1657 384 1702 se
406 1643 582 1702 venturum.
627 1636 788 1713 Quaeres
811 1657 882 1703 cum
905 1637 1024 1703 fefellit.
1063 1638 1147 1701 Nam
1168 1638 1252 1702 Dion
1275 1639 1322 1704 eis

286 1739 372 1824 ipsis,
396 1739 449 1822 qui
472 1740 530 1805 sub
550 1740 724 1806 adversarii
743 1740 869 1806 fueraut
887 1746 1053 1825 potestate,
1077 1740 1180 1824 regios
1194 1741 1321 1826 spiritus

286 1843 433 1926 repressit
456 1850 583 1925 totaque
606 1863 646 1907 ea
666 1850 756 1927 parte
779 1843 905 1909 Siciliae
932 1843 1049 1927 potitus
1072 1850 1129 1923 est,
1158 1864 1239 1926 quae
1261 1847 1319 1910 sub

284 1947 432 2031 Dionysii
459 1946 562 2012 fuerat
585 1954 752 2030 potestate,
779 1948 910 2031 parique
936 1945 1029 2012 modo
1051 1947 1129 2012 urbe
1151 1947 1321 2029 Syracusa-

251 2062 266 2108 e
284 2069 352 2113 rum
375 2056 499 2134 praeter
521 2071 626 2115 arcem
651 2056 683 2114 et
704 2050 840 2115 insulam
862 2050 1044 2114 adiunctam
1067 2048 1192 2134 oppido,
1219 2070 1319 2132 eoque

284 2173 349 2218 rem
372 2152 530 2237 perduxit,
553 2160 589 2218 ut
610 2153 881 2237 his-pactionibus
903 2173 1015 2237 pacem
1038 2159 1192 2236 tyrannus
1214 2153 1321 2221 facere

283 2256 394 2321 vellet:
418 2255 558 2322 Siciliam
580 2257 663 2321 Dion
687 2257 851 2338 obtineret,
874 2257 1000 2320 Italiam
1021 2256 1204 2339 Dionysius,
1226 2260 1320 2340 Syra-

127 2374 228 2420 roeror.
284 2379 376 2425 cusas
397 2360 613 2444 Apollocrates
635 2359 727 2440 filice,
757 2359 806 2426 oui
833 2360 1005 2424 maximam
1027 2359 1122 2424 fidem
1149 2360 1203 2426 uni
1224 2360 1320 2428 habe-

284 2465 338 2528 bat
358 2462 540 2546 Dionysius.

246 2581 264 2634 c
385 2567 452 2632 Has
470 2573 537 2630 tam
555 2586 722 2652 prosperas
742 2572 870 2648 tamque
890 2566 1069 2649 inopinatas
1084 2585 1134 2631 res
1150 2575 1319 2634 consecuta

282 2674 331 2736 est
356 2669 462 2734 subita
489 2671 703 2750 commutatio,
735 2689 806 2734 cum
832 2669 959 2734 fortuna
985 2689 1108 2735 summa
1133 2671 1317 2754 mobilitate,

247 2792 263 2838 a
282 2791 375 2854 quem
397 2772 491 2855 paulo
513 2779 588 2836 ante
612 2773 777 2853 extulerat,
805 2771 990 2854 demergere
1016 2777 1065 2837 est
1089 2771 1208 2837 adorta.
1253 2775 1318 2839 Pri-

281 2895 366 2938 mum
397 2876 430 2938 in
459 2874 533 2955 filio,
564 2875 604 2940 de
634 2896 695 2958 quo
725 2875 968 2941 commemoravi
998 2895 1102 2959 supra,
1132 2876 1197 2940 vim
1227 2897 1317 2943 suam

281 2978 431 3043 exercuit.
470 2979 554 3042 Nam
577 2997 647 3042 cum
668 2998 801 3043 uxorem
823 2977 1011 3059 reduxisset,
1035 2997 1116 3061 quae
1138 2979 1192 3043 alii
1214 2978 1318 3045 fuerat

280 3079 405 3161 tradita,
432 3081 593 3164 filiumque
620 3082 716 3146 vellet
741 3101 891 3147 revocare
916 3080 959 3145 ad
980 3081 1128 3147 virtutem
1150 3102 1171 3146 a
1191 3084 1318 3168 perdita

279 3186 416 3266 luxuria,
446 3185 569 3270 accepit
591 3185 814 3268 gravissimum
842 3205 957 3269 parens
986 3185 1101 3250 vulnus
1122 3192 1222 3251 morte
1247 3186 1315 3254 filii.

245 3309 260 3356 3
280 3288 404 3354 Deinde
427 3296 494 3354 orta
518 3288 672 3354 dissensio
696 3295 744 3354 est
765 3289 847 3353 inter
870 3307 942 3352 eum
965 3293 997 3352 et
1018 3287 1234 3375 Heraclidem;
1265 3293 1316 3358 cui

280 3391 364 3475 quod
401 3392 611 3477 principatum
648 3391 769 3475 petenti
806 3410 869 3456 non
905 3389 1107 3472 concedebat,
1145 3390 1317 3462 factionem

280 3495 480 3580 comparavit.
511 3496 624 3577 Neque
645 3494 674 3559 is
695 3495 799 3560 minus
818 3493 946 3559 valebat
964 3492 1049 3577 apud
1064 3494 1203 3577 vulgum,
1226 3498 1316 3566 cuius

279 3618 433 3665 consensu
454 3604 599 3682 praeerat
621 3597 724 3679 classi,
747 3617 817 3662 cum
836 3597 918 3662 Dion
942 3596 1115 3662 exercitum
1137 3598 1315 3682 pedestrem

244 3708 409 3770 cteueret.
455 3702 528 3767 Non
559 3701 629 3766 tulit
658 3701 731 3766 hoc¹
747 3699 852 3766 animo
882 3720 983 3782 aequo
1012 3701 1096 3765 Dion
1126 3707 1158 3767 et
1186 3723 1314 3770 versum

278 3806 365 3872 illum
380 3805 508 3872 Homeri
531 3805 649 3870 rettulit
672 3823 713 3869 ex
735 3802 875 3871 secunda
896 3802 1074 3888 rhapsodia,
1098 3804 1211 3888 inquo
1233 3807 1316 3876 haec
