2890 4196
454 219 546 273 Xl'll.
564 214 789 273 AGESILAUS.
807 220 832 274 2.
845 220 870 274 3.
1138 203 1179 267 65

137 394 227 460 aliud
254 414 350 477 quam
372 393 489 457 bellum
512 391 715 475 compararit.
761 389 799 455 Id
822 392 882 456 etsi
905 391 1061 456 sentiebat
1083 393 1214 472 Laco,s

138 511 247 562 tamen
275 495 494 561 iusiurandum
520 495 669 560 servabat
695 495 889 578 multumque
912 515 949 560 eo
972 515 1006 560 se
1029 496 1180 578 consequi

137 601 277 680 dicebat,
312 597 397 681 quod
423 597 652 681 Tissaphernes
681 597 818 681 periurio
847 616 904 662 suo
931 604 963 663 ct
988 597 1133 664 homines
1159 616 1181 664 a

138 705 203 770 suis
232 703 330 768 rebus
356 700 554 766 abalienaret
583 706 616 765 ct
641 699 717 764 deos
745 701 804 765 sibi
831 701 928 766 iratos
953 700 1114 782 redderet;
1145 719 1180 766 se

138 813 246 872 autem
278 810 466 870 conservata
496 804 649 888 religione
679 803 863 868 confirmare
894 805 1077 885 exercitum,
1108 825 1179 869 cum

137 908 410 974 animadverteret
432 905 562 971 deorum
584 926 703 971 numen
723 907 829 971 facere
856 926 978 988 secum,
1006 906 1179 972 hominum-

137 1032 201 1095 que
224 1011 285 1077 sibi
308 1010 476 1076 conciliare
499 1010 631 1089 animos,
656 1029 725 1073 cum
750 1011 795 1074 eis
817 1010 944 1075 studere
965 1019 1178 1091 consuessent,

138 1135 219 1198 quos
246 1133 436 1180 conservare
464 1111 561 1176 fidem
591 1112 744 1177 viderent.
789 1113 960 1196 Postquam
987 1112 1216 1182 indutiaruma

138 1218 301 1302 praeteriit
323 1215 403 1297 dies,
425 1216 580 1280 barbarus
602 1235 665 1280 non
685 1215 844 1296 dubitans,
868 1217 952 1299 quod
971 1217 1069 1299 ipsius
1089 1225 1178 1282 etant

139 1322 274 1406 plurima
304 1319 463 1384 domicilia
490 1319 522 1382 in
547 1319 641 1383 Caria
667 1327 700 1383 ct
726 1339 765 1383 ca
791 1319 877 1403 regio
902 1319 965 1384 illis
987 1322 1178 1403 temporibus

138 1426 310 1508 putabatur
332 1421 588 1505 locupletissima,
617 1423 692 1505 quin
716 1441 753 1487 eo
775 1423 972 1506 potissimum
994 1422 1101 1488 hostes
1122 1424 1179 1487 im-

138 1535 247 1613 petum
271 1526 385 1591 facturi
409 1531 524 1605 essent,
548 1545 657 1590 omnes
680 1545 754 1591 suas
778 1526 885 1609 copias
908 1547 945 1589 eo
968 1533 1176 1590 contraxerat.

138 1633 182 1696 At
211 1630 381 1713 Agesilaus
411 1629 445 1693 in
474 1628 647 1712 Phrygiam
678 1649 712 1694 se
742 1629 897 1694 convertit
927 1649 1059 1712 eamque
1093 1631 1213 1713 priusa

139 1733 351 1819 depopulatus
374 1738 432 1813 est,
456 1752 550 1815 quam
565 1732 794 1816 Tissaphernes
816 1752 949 1814 usquam
972 1739 1177 1798 semoveret.

139 1838 259 1918 Magna
280 1832 400 1919 praeda
422 1835 574 1899 militibus
600 1834 797 1918 locupletatis
820 1835 980 1919 Ephesum
1007 1834 1178 1899 hiematum

139 1939 316 2005 exercitum
342 1936 469 2003 reduxit
496 1943 591 2018 atquc
618 1937 663 2002 ibi
691 1936 827 2004 officinis
849 1959 1005 2002 armorum
1028 1939 1179 2003 institutis

139 2063 257 2126 magna
285 2040 444 2106 industria
476 2040 590 2104 bellum
620 2041 796 2125 apparavit.
842 2042 883 2105 et
916 2062 977 2124 quo
1010 2041 1179 2107 studiosius

139 2151 338 2209 armarentur
367 2143 586 2227 insigniusque
612 2151 811 2225 ornarentur,
841 2144 982 2228 praemia
1008 2146 1178 2229 proposuit,

140 2247 255 2330 quibus
282 2246 484 2327 donarentur,
516 2266 648 2328 quorum
675 2237 804 2331 egregia
828 2248 861 2311 in
885 2268 923 2312 ea
945 2268 979 2313 re
1001 2249 1114 2314 fuisset
1135 2250 1180 2313 in-

139 2350 269 2415 dustria.
301 2350 392 2415 Fecit
411 2349 496 2413 idem
515 2350 549 2413 in
572 2349 833 2415 exercitationum
856 2351 1035 2434 generibus,
1059 2358 1102 2434 ut,
1125 2353 1213 2435 quia

139 2454 253 2519 ceteris
287 2452 533 2536 praestitissent,
568 2473 623 2517 eos
655 2454 780 2536 magnis
813 2453 955 2520 afficeret
988 2455 1178 2520 muneribus.

139 2557 199 2622 His
222 2557 316 2621 rebus
337 2556 451 2636 effecit,
475 2562 560 2621 utet
580 2556 812 2620 ornatissimum
833 2563 865 2621 et
884 2557 1179 2622 exercitatissimum

140 2659 272 2724 haberet
295 2659 469 2723 exercitum
524 2659 629 2739 Atque
651 2677 722 2722 oum
746 2665 829 2723 esset
851 2659 954 2724 visum
977 2661 1084 2745 copias
1107 2661 1214 2730 edu-4

139 2781 212 2828 cere
240 2781 282 2828 ex
310 2761 531 2841 hibernaculis,
562 2760 652 2842 vidit,
683 2762 720 2843 si,
751 2782 812 2844 quo
840 2768 923 2828 esset
949 2763 1009 2828 iter
1030 2763 1179 2846 facturus,

140 2865 247 2950 palam
274 2864 522 2948 pronuntiasset,
553 2863 659 2930 hostes
685 2884 748 2930 non
775 2864 948 2932 credituros
971 2866 1113 2950 aliasque
1135 2889 1180 2934 re-

138 2968 252 3051 giones
282 2966 449 3051 praesidiis
479 2972 694 3050 occupaturos.
741 2968 852 3051 Itaque
882 2989 952 3034 cum
981 2967 1034 3036 illc
1064 2971 1214 3042 Sardess

139 3071 256 3135 iturum
287 3090 322 3135 se
352 3069 494 3150 dixisset,
528 3069 758 3153 Tissaphernes
788 3072 913 3137 Cariam
947 3072 1179 3144 defendendam

83 3203 85 3210 ·
140 3173 274 3258 putavit.
321 3174 359 3238 In
386 3193 448 3254 quo
476 3192 547 3237 cum
577 3192 648 3237 eum
675 3175 781 3258 opinio
808 3175 973 3241 fefellisset
999 3177 1180 3261 victumque

139 3295 176 3340 se
207 3275 340 3340 vidisset
371 3275 511 3356 consilio,
546 3294 616 3341 sero
646 3276 711 3341 suis
741 3277 899 3360 praesidio
929 3280 1088 3363 profectus
1122 3291 1179 3350 est.

139 3379 223 3443 Nam
248 3399 319 3443 oum
342 3379 395 3444 illo
418 3378 567 3459 venisset,
591 3379 758 3462 Agesilaus
782 3382 887 3446 multis
906 3384 968 3448 iarn
989 3384 1065 3449 locis
1085 3406 1180 3471 expu-

138 3482 247 3564 gnatis
277 3503 396 3566 magna
424 3488 490 3546 erat
522 3481 640 3564 praeda
671 3484 796 3565 potitus.
842 3487 926 3549 Laco
956 3494 1075 3569 autern,
1110 3510 1178 3554 curn
1199 3515 1213 3559 o

140 3583 264 3650 videret
293 3585 400 3651 hostes
432 3585 573 3665 equitatu
604 3604 765 3668 superare,
800 3608 971 3671 numquam
1002 3592 1034 3655 in
1069 3612 1180 3677 campo

138 3687 190 3751 sui
227 3687 303 3752 fecit
344 3694 534 3773 potestatem
575 3694 606 3752 et
648 3689 694 3753 eis
731 3691 806 3755 locis
847 3713 975 3757 manum
1013 3697 1178 3776 conseruit,

137 3791 255 3872 quibus
289 3792 359 3875 plus
394 3791 557 3876 pedestres
591 3791 701 3874 copiae
735 3793 887 3860 valerent.
936 3797 1061 3882 Populit
1095 3819 1179 3884 ergo,

193 3902 341 3944 Cornelius
355 3904 449 3954 Nepos.
467 3903 504 3943 Ed.
515 3903 541 3942 A.
553 3901 658 3942 Weidner.
990 3902 1007 3948 5
