2934 4192
479 200 543 254 Vll.
561 199 798 256 ALCIBIADES.
816 204 842 256 4.
855 206 879 258 5.
1151 183 1193 246 25

168 376 300 460 positum
321 374 355 438 in
377 373 512 457 publico,
534 371 804 437 Lacedaemonem
832 371 1029 457 demigravit.
1074 373 1132 454 Ibi,
1159 378 1228 441 uto

167 480 234 563 ipse
262 476 445 562 praedicare
475 481 653 556 consuerat,
685 494 749 540 uon
778 475 930 541 adversus
959 476 1107 561 patriam,
1138 474 1195 542 sed

167 581 308 645 inimicos
330 598 402 645 suos
425 579 541 643 bellurn
568 578 677 662 gessit,
704 578 758 661 qui
780 578 876 644 iidem
899 579 1005 645 hostes
1028 585 1134 645 esseut
1156 579 1196 644 ci-

167 684 276 748 vitati:
313 703 387 747 nam
421 703 492 748 cum
524 683 746 765 intellegerent
777 702 812 747 se
845 683 1012 766 plurimum
1045 682 1196 767 prodesse

167 805 258 872 posse
284 786 330 852 rei
355 787 510 871 publicae,
538 806 578 851 ex
607 805 645 850 ea
666 805 702 851 se
725 786 855 852 eiecisse
876 787 1010 869 plusque
1031 786 1097 852 irae
1119 807 1195 852 suae

167 911 260 972 quam
281 890 407 954 utilitati
431 889 586 954 communi
613 888 764 972 paruisse.
809 890 920 971 Itaque
948 889 1040 954 huius
1067 890 1229 954 concilior

167 992 407 1058 Lacedaemonii
438 1012 510 1057 cum
538 992 706 1057 Persarum
735 1013 811 1077 rege
839 992 1011 1057 amicitiam
1043 991 1195 1074 feceruut,

167 1095 240 1161 dein
254 1096 422 1161 Deceleam
444 1096 476 1160 in
492 1096 598 1160 Attica
619 1097 801 1161 munierunt
822 1096 1040 1180 praesidioque
1063 1096 1107 1162 ibi
1129 1115 1197 1179 per·
1248 1126 1350 1167 precs„

167 1204 261 1283 petuo
286 1200 387 1283 posito
413 1201 446 1265 iu
469 1198 633 1265 obsidione
655 1199 799 1266 Athenas
825 1206 1001 1265 tenuerunt.
1046 1199 1197 1265 Eiusdem

167 1323 261 1387 opera
283 1305 404 1369 Ioniam
426 1325 446 1368 a
468 1305 618 1369 societate
638 1310 821 1369 averterunt
843 1303 1091 1369 Atheniensium.
1127 1302 1197 1380 Quo

168 1407 251 1472 sacto
273 1409 370 1472 multo
393 1407 568 1491 superiores
590 1407 673 1472 bello
696 1427 766 1472 esse
789 1413 968 1491 coeperunt.

268 1511 379 1592 Neque
394 1530 468 1575 vero
483 1510 533 1576 his
547 1511 642 1575 rebus
658 1517 722 1575 tam
741 1511 835 1575 amici
849 1509 1006 1575 Alcibiadi
1028 1516 1102 1574 sunt
1119 1508 1196 1574 facti
1214 1525 1231 1576 5

168 1636 261 1697 quam
290 1614 401 1680 timore
429 1615 470 1678 ab
501 1633 537 1678 eo
567 1614 704 1678 alienati.
750 1614 834 1678 Nam
864 1634 935 1678 cum
964 1613 1108 1678 acerrimi
1138 1613 1197 1678 viri

167 1723 378 1804 praestantem
400 1716 599 1801 prudentiam
622 1721 654 1781 in
677 1717 823 1782 omnibus
844 1719 939 1782 rebus
961 1722 1196 1800 cognoscerent,

166 1822 403 1906 pertimuerunt,
434 1840 475 1886 ne
504 1821 634 1886 caritate
663 1821 785 1905 patriae
815 1820 927 1885 ductus
956 1819 1126 1901 aliquando
1155 1821 1195 1884 ab

167 1925 243 2010 ipsis
265 1924 454 1990 descisceret
476 1930 508 1988 et
529 1945 601 1990 cum
624 1925 689 1990 suis
711 1925 743 1988 in
766 1924 901 2007 gratiam
922 1923 1048 1988 rediret.
1086 1925 1197 2006 Itaque

166 2036 290 2112 tempus
312 2020 379 2093 eius
401 2027 610 2093 interficiendi
633 2048 783 2110 quaerere
804 2027 1015 2093 instituerunt.
1057 2027 1096 2092 Id
1116 2029 1230 2104 Alci-2

166 2131 277 2198 biades
299 2131 416 2196 diutius
438 2132 533 2196 celari
548 2152 611 2196 uon
626 2132 736 2216 potuit.
769 2133 846 2196 Erat
861 2133 946 2196 enim
962 2152 1000 2196 ea
1015 2131 1197 2216 sagacitate,

167 2242 202 2301 ut
223 2235 326 2320 decipi
348 2255 411 2300 nou
434 2242 550 2319 posset,
577 2236 763 2320 praesertim
789 2255 860 2300 cum
886 2235 1027 2301 animum
1049 2236 1198 2302 attendis-

168 2346 216 2405 set
237 2339 279 2405 ad
301 2339 486 2404 cavendum.
528 2340 640 2421 ltaque
662 2339 703 2403 ad
725 2337 979 2423 Tissaphernem,
1003 2339 1197 2423 praelectum

167 2444 251 2528 regis
265 2443 362 2525 Darii,
386 2463 421 2509 se
436 2443 575 2507 contulit.
608 2443 705 2509 Cuius
721 2463 791 2507 cum
805 2443 839 2507 in
862 2442 1005 2506 intimam
1027 2443 1197 2506 amicitiam
1215 2470 1231 2516 3

168 2547 363 2631 pervenisset
386 2552 418 2612 et
431 2545 674 2611 Atheniensium
697 2545 779 2609 male
800 2545 900 2628 gestis
921 2544 955 2608 in
976 2544 1083 2610 Sicilia
1104 2546 1198 2610 rebus

168 2669 245 2734 opes
267 2669 440 2731 senescere,
463 2648 784 2714 Lacedaemoniorum
799 2667 940 2712 crescere
955 2647 1086 2728 videret,
1109 2648 1198 2714 initio

169 2771 237 2817 cum
261 2752 422 2832 Pisandro,
454 2753 507 2835 qui
533 2751 619 2836 apud
642 2753 771 2818 Samum
800 2751 833 2815 iu
864 2751 1004 2816 exercitu
1035 2758 1112 2833 erat,
1142 2772 1199 2836 per

168 2855 374 2920 iutemuntios
400 2856 584 2939 colloquitur
615 2862 646 2920 et
677 2854 717 2920 de
746 2854 849 2920 reditu
879 2875 935 2920 suo
965 2854 1040 2920 facit
1071 2857 1199 2922 mentio·

170 2978 251 3024 nem.
295 2959 371 3022 Erat
393 2958 478 3023 onim
500 2957 612 3023 eodem
634 2958 701 3023 fere
724 2979 785 3040 quo
807 2957 997 3023 Alcibiades
1015 2978 1120 3039 senso,
1147 2980 1199 3044 po-

168 3062 234 3146 puli
263 3061 422 3145 potentiae
451 3082 514 3126 uon
545 3063 666 3128 amicus
696 3069 728 3127 et
761 3062 958 3146 optimatium
992 3061 1102 3127 fautor.
1148 3063 1232 3135 Abu

170 3166 228 3231 hoc
250 3165 416 3231 destitutus
437 3165 573 3249 primum
595 3187 651 3251 per
665 3166 908 3249 Thrasybulum,
931 3167 1011 3250 Lyci
1026 3166 1133 3247 filium,
1157 3167 1198 3231 ab

170 3270 310 3335 exercitu
324 3269 471 3353 recipitur
485 3276 673 3354 praetorque
687 3269 723 3335 fit
737 3269 822 3353 apud
837 3270 983 3353 Samum
1005 3276 1077 3353 post
1093 3270 1199 3335 suffra·
1251 3307 1353 3350 mc,

169 3380 266 3459 gante
286 3372 483 3438 Theramene
504 3373 612 3458 populi
634 3374 711 3438 scito
737 3373 911 3438 restituitur
932 3374 1062 3457 parique
1084 3375 1199 3439 absens

169 3477 299 3562 imperio
332 3476 511 3560 praeficitur
542 3498 606 3542 uua
636 3498 706 3542 cum
735 3475 934 3560 Thrasybulo
963 3483 994 3541 et
1023 3477 1197 3561 Thrasyllo.

170 3583 289 3646 Horum
310 3581 344 3644 in
365 3580 496 3664 imperio
519 3587 608 3646 tanta
631 3581 831 3646 commutatio
853 3601 956 3646 rerum
978 3580 1063 3645 iacta
1085 3589 1142 3662 est,
1166 3588 1232 3650 uto

169 3684 419 3766 Lacedaemonii,
444 3685 498 3766 qui
523 3686 616 3768 paulo
639 3692 713 3750 ante
734 3685 869 3750 victores
889 3685 1063 3767 viguerant,
1086 3691 1200 3768 perter-

169 3789 221 3853 riti
247 3807 359 3871 pacem
385 3794 537 3871 peterent.
583 3789 667 3852 Victi
694 3788 775 3851 eninr
804 3793 892 3851 erant
915 3787 1052 3867 quinque
1074 3787 1200 3870 proeliis
