2890 4196
454 209 561 262 xxm.
580 207 789 328 nnuursspu.
810 199 849 263 ro.
865 211 904 264 11.
1153 188 1194 251 93

161 384 215 466 ligi
240 403 356 464 easque
378 383 409 446 in
434 401 511 445 rasa
533 380 643 446 fictilia
666 380 775 445 conici.
800 380 919 443 Harum
943 399 1012 443 cum
1038 377 1194 456 effecisset
1216 395 1231 442 5

161 507 309 569 magnam
336 485 579 564 multitudinem,
611 483 663 548 die
689 484 767 567 ipso,
799 503 860 565 quo
886 482 1028 546 facturus
1056 487 1123 546 erat
1144 502 1197 544 na-

86 609 89 616 ’
163 590 231 654 1111
253 589 415 673 proelium,
439 587 616 652 classiarios
639 593 791 651 convocat
814 586 922 666 eisque
944 584 1107 668 praecipit,
1136 604 1198 648 om-

160 713 217 758 nes
246 698 282 757 ut
310 693 343 756 in
372 712 468 755 unam
498 690 650 755 Eumenis
681 690 765 773 regis
799 696 985 754 concurrant
1019 708 1144 767 navem,
1178 708 1198 750 a

159 795 272 860 ceteris
304 795 381 859 satis
411 793 550 873 babeant
581 813 615 858 11
643 791 824 857 defendere.
870 791 907 856 Id
930 792 999 856 illos
1021 791 1114 855 facile
1137 810 1198 855 111-

160 899 303 983 pentium
333 897 534 961 multitudine
565 902 795 962 consecuturos.
834 896 904 959 Rex
934 900 1040 959 autem
1070 895 1103 958 in
1135 909 1231 976 quac

161 1001 446 1079 1111111111111111,
477 1000 660 1079 1111111111,
691 1018 725 1064 se
748 999 914 1064 facturum.
961 996 1062 1073 Quem
1092 996 1119 1062 si
1143 1004 1198 1061 1111

159 1103 318 1187 cepissent
350 1108 405 1166 aut
435 1102 682 1181 interfecissent,
720 1113 848 1184 magnc'
868 1101 914 1167 eis
944 1100 1084 1184 praemio
1119 1099 1195 1164 fore.

159 1207 230 1270 Tali
261 1207 476 1270 cohortatione
506 1205 641 1269 militum
670 1205 755 1269 facta
785 1204 894 1268 classis
924 1206 965 1269 ab
993 1203 1134 1286 utrisque
1164 1204 1197 1266 in
1217 1216 1246 1266 11

160 1310 311 1394 proelium
335 1308 509 1372 deducitur.
549 1307 689 1384 Quarum
711 1307 780 1372 acie
804 1306 983 1386 constituta,
1014 1306 1197 1390 priusquam

159 1412 284 1496 signum
308 1431 436 1495 pugnae
459 1411 594 1491 daretur,
618 1410 789 1490 Hannibal,
813 1417 848 1473 ut
867 1409 973 1493 palam
987 1408 1106 1474 iaceret
1121 1409 1196 1489 suis,

159 1535 221 1596 quo
243 1516 312 1579 loco
334 1514 493 1578 Eumenes
516 1521 608 1593 esset,
637 1514 835 1579 tabellarium
858 1513 891 1576 in
914 1511 1034 1594 scapha
1057 1531 1126 1576 cum
1150 1531 1197 1575 ca-

159 1617 259 1681 duceo
283 1617 386 1680 mittit.
433 1615 494 1692 Qui
517 1616 571 1681 ubi
593 1615 636 1680 ad
659 1635 758 1680 111111
780 1615 1030 1679 adversariorum
1052 1616 1230 1698 pervenite

160 1720 389 1803 epistulamque
405 1717 575 1784 ostendens
595 1739 704 1802 regem
726 1738 760 1783 11
783 1717 943 1803 professus
966 1724 1013 1782 est
1036 1737 1195 1799 quaerere,

160 1823 268 1887 statim
287 1821 327 1886 ad
343 1821 517 1886 Eumenem
539 1821 694 1886 deductus
718 1828 775 1902 est,
800 1820 883 1902 quod
906 1840 998 1884 nemo
1021 1819 1195 1900 dubitabat,

162 1926 239 2008 quin
261 1925 381 2007 aliquid
403 1924 443 1989 de
466 1943 545 2008 pace
569 1931 652 1990 11111
674 1924 834 2007 scripturn.
880 1923 1078 1988 Tabellarius
1108 1921 1196 1996 ducis

162 2047 244 2093 nave
267 2028 427 2092 declarata
450 2027 515 2092 suis
538 2025 658 2107 eodem,
682 2026 766 2091 unde
790 2033 856 2090 1111
879 2045 1034 2109 egressus,
1058 2046 1196 2091 111111-

161 2130 216 2214 pit.
261 2132 303 2194 At
326 2132 484 2194 Eumenes
513 2130 615 2196 soluta
645 2129 780 2212 epistula
809 2129 888 2193 nihil
917 2131 949 2192 in
981 2149 1019 2194 ea
1047 2129 1229 2214 repperita

161 2234 222 2298 nisi
245 2253 325 2316 quae
348 2232 389 2296 ad
411 2231 605 2297 inidendum
629 2253 701 2297 eum
723 2233 925 2316 pertinerent.
951 2233 1047 2298 Cuius
1068 2234 1114 2296 rei
1137 2233 1196 2297 etsi

162 2358 290 2403 causam
313 2337 485 2401 mirabatur
508 2356 612 2419 neque
634 2337 823 2420 reperiebat,
846 2342 952 2402 tamen
968 2337 1121 2420 proelium
1137 2344 1196 2401 111-

162 2441 216 2504 tim
241 2439 434 2504 committere
456 2458 518 2502 non
542 2436 707 2502 dubitarit.
742 2438 811 2503 Hoc
831 2438 865 2502 in
888 2457 1040 2503 concursu
1063 2438 1195 2521 Bithyni
1213 2461 1240 2507 4'

162 2543 349 2608 Hannibalis
371 2546 539 2626 praecepto
554 2541 693 2606 universi
710 2561 824 2606 navem
836 2541 986 2605 Eumenis
1001 2540 1193 2606 adoriuntur.

161 2645 302 2722 Quorum
324 2645 389 2710 vim
411 2664 469 2709 rex
492 2664 563 2708 cum
580 2643 735 2709 sustinere
751 2663 813 2708 non
829 2650 950 2738 posset,
969 2643 1046 2728 fuga
1061 2644 1194 2709 salutem

163 2749 266 2832 petiit,
295 2768 389 2830 quam
413 2753 600 2813 consecutus
622 2767 686 2812 non
709 2753 802 2827 esset,
830 2747 892 2812 nisi
919 2746 1002 2811 intra
1029 2768 1087 2813 sua
1108 2767 1195 2831 prae

160 2850 244 2916 sidia
270 2871 304 2916 se
331 2850 511 2934 recepisset,
541 2850 682 2932 quaein
709 2851 852 2934 proximo
880 2851 968 2915 litore
992 2857 1081 2914 erant
1105 2852 1194 2916 collo-

161 2961 242 3020 cata.
280 2954 432 3035 Reliquae
454 2955 670 3038 Pergamenae
691 2973 792 3019 naves
815 2974 885 3019 cum
907 2953 1105 3021 adversarios
1127 2975 1194 3039 pre·
1213 2973 1228 3022 1

162 3064 283 3122 merent
313 3057 425 3138 acrius,
459 3064 589 3141 repente
616 3057 649 3122 in
678 3077 732 3122 eas
759 3077 837 3122 1111
863 3056 981 3137 fictilia,
1012 3056 1052 3122 de
1081 3059 1194 3140 quibus

160 3181 264 3245 supra
290 3160 481 3225 mentionem
515 3160 662 3241 lecimus,
697 3159 797 3225 conici
832 3166 943 3244 coepta
977 3168 1058 3224 sunt.
1105 3161 1194 3237 Quae

162 3265 245 3329 iacta
276 3263 365 3328 initio
386 3264 482 3329 risum
505 3264 719 3347 pugnantibus
742 3263 938 3329 concitarunt
959 3284 1072 3345 neque,
1098 3285 1193 3347 quare

162 3367 196 3431 id
217 3367 315 3447 fieret,
338 3374 460 3452 poterat
482 3367 631 3450 intellegi.
676 3368 847 3449 Postquam
869 3372 976 3431 autem
998 3388 1097 3432 naves
1120 3389 1193 3433 suas
1212 3386 1226 3432 o
1279 3399 1284 3407 .

161 3471 305 3555 oppletas
337 3476 569 3555 conspexerunt
601 3470 809 3554 serpentibus
844 3489 928 3534 nova
961 3490 994 3534 re
1027 3471 1192 3553 perterriti,

162 3595 234 3639 cum
268 3573 344 3656 quid
376 3573 572 3658 potissimum
606 3574 750 3654 vitarent,
785 3593 849 3638 non
882 3572 1035 3653 viderent,
1070 3593 1192 3658 puppes

163 3684 322 3744 verterunt
350 3691 445 3759 seque
472 3677 512 3741 ad
541 3697 598 3741 sua
625 3683 727 3741 castra
750 3676 877 3741 nautica
899 3678 1093 3741 rettulerunt.
1140 3678 1226 3745 Sicu

163 3773 321 3846 Hannibal
350 3781 478 3846 consilio
505 3801 592 3844 arma
617 3782 883 3864 Pergamenorum
906 3781 1066 3864 superarit
1089 3801 1192 3862 neque
