2934 4192
257 153 300 218 56
551 172 613 226 xv.
633 172 909 228 neuurucunns.
928 176 952 228 a.
974 176 997 228 4.

258 362 430 424 numquam
459 341 534 407 inde
563 343 649 426 prius
679 342 832 424 discessit,
868 365 960 426 quam
990 343 1031 408 ad
1060 345 1156 410 finem
1191 345 1291 412 sermo

223 453 344 511 4esset
366 444 529 510 adductus.
575 447 797 529 Paupertatem
824 446 904 511 adeo
927 448 1021 511 facile
1043 468 1211 532 perpessus
1234 457 1290 530 est,

258 556 293 613 ut
316 548 355 613 de
374 570 408 613 re
427 549 553 632 publiea
572 549 650 612 nihil
670 556 794 632 praeter
813 551 945 633 gloriam
961 551 1087 633 ceperit.
1111 552 1289 616 Amicorum

258 653 291 715 in
315 672 348 716 se
371 650 488 716 tuendo
511 652 609 716 camit
635 652 846 732 facultatibus,
878 651 997 718 eisdem
1023 653 1065 716 ad
1091 654 1170 718 alios
1192 655 1291 720 suble-

259 754 380 820 vandos
410 774 506 839 saepe
534 756 579 820 sic
601 775 676 820 usus
704 762 761 836 est,
791 765 826 820 ut
851 756 983 820 iudicari
1010 757 1108 840 possit
1135 757 1240 821 omnia
1262 759 1289 822 ei

224 873 330 922 scum
352 859 462 923 amicis
484 859 581 923 fuisse
604 859 790 923 communia.
825 861 908 923 Nam
929 879 1000 923 cum
1019 866 1073 924 aut
1093 860 1208 924 civium
1224 881 1290 925 suo-

258 981 326 1026 rum
353 962 466 1043 aliquis
492 962 532 1026 ab
562 962 703 1027 hostibus
731 968 813 1027 esset
841 968 952 1045 captus
980 969 1035 1026 aut
1065 963 1152 1046 virgo
1182 964 1290 1028 relicta

258 1065 382 1145 nubilis,
414 1086 494 1147 quae
520 1072 647 1149 propter
673 1072 890 1149 paupertatem
918 1066 1061 1131 collocari
1087 1085 1151 1130 non
1172 1074 1288 1150 posset,

257 1169 427 1232 amicorum
450 1167 613 1232 consilium
635 1168 774 1234 habebat
796 1176 837 1250 et,
862 1175 1013 1250 quantum
1036 1169 1168 1250 quisque
1190 1168 1289 1249 daret,

223 1285 239 1330 o
258 1291 313 1355 pro
336 1270 537 1335 facultatibus
559 1271 743 1355 imperabat.
785 1272 927 1353 Eamque
950 1291 1103 1336 summam
1126 1285 1197 1336 cum
1221 1292 1289 1336 con-

257 1374 384 1455 fecerat,
406 1373 585 1439 adducebat
607 1394 688 1455 eum,
713 1375 766 1456 qui
790 1376 969 1456 quaerebat,
993 1374 1035 1438 ad
1058 1395 1120 1455 eoa,
1144 1375 1197 1457 qui
1220 1395 1289 1440 con—

230 1555 233 1560 ,
256 1477 411 1558 ferebant,
440 1478 531 1560 eique
554 1485 589 1542 ut
611 1479 671 1562 ipsi
694 1484 905 1558 numerarent,
932 1478 1079 1559 faciebat,
1106 1485 1141 1542 ut
1163 1479 1224 1558 ille,
1247 1477 1286 1541 ad

257 1599 350 1662 quem
385 1600 422 1644 ea
451 1581 640 1664 pertinebat,
676 1581 779 1661 sciret,
815 1587 967 1663 quantum
1003 1581 1115 1662 cuique
1149 1580 1286 1646 deberet.

221 1685 425 1767 4Temptata
447 1691 552 1748 autem
576 1684 642 1748 eius
663 1691 710 1748 est
729 1684 922 1749 abstinentia
941 1684 1184 1749 aDiomedonte
1200 1685 1288 1768 Cyzi-

256 1807 342 1853 ceno.
378 1789 523 1869 Namque
545 1787 573 1852 is
595 1793 706 1870 rogatu
722 1788 908 1852 Artaxerxis
930 1787 1014 1870 regis
1036 1787 1287 1871 Epaminondam

255 1892 390 1977 pecunia
412 1888 674 1973 corrumpendum
694 1895 883 1973 susceperat.
916 1889 977 1964 uui
997 1910 1113 1972 magno
1128 1909 1198 1954 cum
1214 1911 1287 1973 pon-

255 1996 330 2060 dere
356 1994 424 2058 auri
451 2014 521 2058 cum
547 1993 674 2058 Thebas
701 1993 849 2073 venisset,
877 1993 1051 2076 Micythum
1073 1993 1288 2058 adulescentu-

254 2099 328 2178 lum,
357 2117 449 2179 quem
472 2103 537 2160 tum
560 2095 796 2180 Epaminondas
819 2096 985 2179 plurimum
1012 2095 1173 2179 diligebat,
1200 2096 1287 2177 quin-

89 2228 201 2270 mracr.
255 2220 317 2283 que
347 2199 473 2264 talentis
502 2198 544 2262 ad
574 2219 663 2264 suam
693 2198 841 2282 perduxit
873 2199 1075 2264 voluntatem.
1128 2199 1286 2282 Micythus

254 2301 505 2387 Epaminondam
529 2301 676 2366 convenit
699 2308 731 2366 et
751 2321 877 2366 causam
897 2301 1053 2366 adventus
1068 2301 1285 2367 Diomedontis

220 2405 400 2472 sostendit.
443 2405 485 2469 At
507 2405 559 2470 ille
581 2405 792 2470 Diomedonte
816 2425 919 2470 coram
942 2397 1052 2469 ‘Nihil'
1073 2405 1175 2487 inquit
1197 2398 1286 2488 ‘opus

254 2518 302 2577 est
330 2509 478 2594 pecunia:
509 2529 583 2573 nam
614 2508 640 2573 si
670 2528 727 2573 rex
756 2527 794 2572 ea
819 2508 896 2589 vult,
927 2527 1007 2591 quae
1030 2507 1191 2573 Thebanis
1214 2516 1286 2573 sunt

252 2614 351 2694 utilia,
382 2613 481 2697 gratis
511 2612 616 2676 facere
644 2631 713 2677 sum
740 2617 877 2695 paratus,
909 2611 1089 2676 sinautem
1120 2611 1283 2691 contraria,

253 2737 317 2781 non
338 2716 436 2781 habet
457 2716 524 2780 auri
546 2721 642 2796 atque
668 2714 792 2797 argenti
819 2714 904 2779 satis.
950 2715 1095 2797 Namque
1121 2714 1206 2780 orbis
1228 2720 1283 2778 ter-

217 2831 357 2883 ararum
388 2817 514 2882 divitias
529 2817 685 2901 ,accipere
711 2818 783 2882 nolo
815 2837 872 2900 pro
898 2818 1019 2901 patriae
1046 2817 1184 2881 caritate.
1235 2817 1282 2880 'iu

253 2921 337 3004 quod
356 2941 406 2986 me
422 2921 616 3003 incognitum
637 2920 797 3004 temptasti
811 2920 920 3001 tuique
936 2920 1069 2985 similem
1085 2919 1282 2998 existimasti,

252 3046 315 3090 non
344 3025 439 3089 miror
466 3024 586 3106 tibique
616 3024 760 3106 ignosco;
795 3022 851 3088 sed
885 3022 1035 3106 egredere
1068 3042 1209 3106 propere,
1240 3042 1282 3096 ne

250 3129 330 3194 alios
353 3146 542 3211 corrumpas,
566 3147 637 3191 cum
660 3147 710 3191 me
732 3147 796 3191 non
819 3127 965 3210 potueris.
1002 3127 1042 3190 At
1065 3132 1109 3207 tu,
1132 3123 1281 3207 Micythc,

174 3217 178 3224 Δ
250 3238 416 3316 argentum
437 3231 511 3295 huic
533 3229 639 3312 redde,
663 3235 727 3311 aut,
751 3229 812 3294 nisi
834 3229 866 3293 id
890 3229 1054 3294 confestim
1077 3228 1199 3308 feceris,
1223 3247 1282 3311 ego

215 3341 283 3399 4te
310 3334 432 3399 tradam
459 3329 677 3416 magistratui.³
721 3333 813 3397 Hunc
839 3331 1015 3397 Diomedon
1046 3352 1116 3396 cum
1146 3337 1281 3414 rogaret,

249 3443 284 3501 ut
299 3443 366 3502 tuto
382 3437 470 3502 exire
485 3457 612 3519 suaque,
637 3456 718 3518 quae
733 3437 891 3516 attulerat,
915 3436 1025 3500 efferre
1041 3435 1158 3513 liceret,
1181 3427 1280 3498 ‘Istud

249 3536 387 3623 quidem’
409 3541 511 3623 inquit
532 3534 668 3620 ‘faciam
699 3559 801 3620 neque
824 3546 878 3604 tua
905 3557 1009 3618 causa,
1042 3537 1099 3602 sed
1121 3557 1200 3616 mea,
1229 3556 1280 3616 ne,

249 3643 276 3708 si
308 3644 366 3709 tibi
400 3644 440 3709 sit
469 3644 604 3728 pecunia
637 3643 795 3727 adempta,
829 3642 942 3724 aliquis
975 3640 1059 3706 dieat
1091 3640 1124 3704 id
1157 3639 1199 3704 ad
1227 3659 1281 3704 me

248 3755 389 3832 ereptum
432 3747 628 3832 peruenisse,
674 3745 757 3829 quod
801 3744 917 3811 donum
958 3745 1096 3810 oblatum
1136 3743 1279 3827 accipere

1451 241 1458 580 i
