2890 4196
428 247 519 302 XXV.
538 247 710 304 ATTIOUS.
730 252 771 305 18.
786 252 825 304 19.
839 251 880 303 20.
1109 232 1168 295 109

133 421 326 506 propagines
349 421 505 504 possimus
528 441 726 504 cognoscere.
773 421 862 486 Fecit
888 420 948 486 hoc
974 421 1058 486 idem
1081 440 1202 505 sepa-a

136 526 228 589 ratim
251 526 283 588 in
306 524 377 590 aliis
399 525 497 607 libris,
520 530 555 589 ut
576 525 617 588 M.
634 525 723 588 Bruti
745 531 856 607 rogatu
871 524 994 588 Iuniam
1018 524 1169 589 familiam

134 649 156 693 a
185 629 282 712 stirpe
312 627 353 693 ad
382 628 466 695 hauc
488 635 631 700 ,aetatem
659 627 768 692 ordine
802 629 1011 709 enumeravit,
1046 636 1169 708 notans,

134 732 206 814 quis
229 753 250 796 a
266 752 326 813 quo
341 738 437 812 ortus,
462 752 540 814 qnos
554 731 698 811 honores,
723 731 836 813 quibus
858 731 1051 815 temporibus
1074 733 1170 817 cepis-

134 841 199 919 sct;
230 835 298 918 pari
326 835 418 898 modo
445 835 584 899 Marcelli
607 833 731 900 Claudii
753 834 984 914 Marcellorum,
1014 835 1205 918 Scipionis4

136 938 274 1004 Cornelii
297 945 328 1002 ct
351 938 442 1002 Fabii
465 938 595 1002 Maximi
618 937 786 1002 Fabiorum
810 943 841 1002 et
862 937 1074 1002 Aemiliorum.
1099 937 1171 1014 Qui-

137 1042 196 1106 bus
218 1041 305 1106 libris
328 1041 407 1105 nihil
429 1047 533 1124 potest
555 1060 624 1106 esse
646 1039 769 1105 dulcius
788 1040 843 1121 cis,
867 1041 919 1122 qui
934 1041 1072 1122 aliquam
1088 1041 1170 1124 cupi-

135 1143 268 1209 ditatem
291 1144 411 1210 babent
432 1144 564 1209 notitiae
587 1143 739 1208 clarorum
754 1143 901 1209 virorum.
929 1144 1013 1208 Nam
1027 1143 1068 1208 de
1084 1144 1169 1224 viris,
1188 1162 1203 1207 o

135 1249 190 1330 qui
218 1249 335 1313 honore
361 1267 527 1329 rerumque
554 1254 715 1330 gestarum
742 1247 949 1331 amplitudine
977 1255 1097 1312 ceteros
1119 1267 1170 1332 po-

135 1352 201 1434 puli
217 1351 351 1416 Romani
367 1352 599 1435 praestiterunt,
615 1351 762 1434 exposuit
777 1351 830 1432 ita,
854 1357 887 1415 ut
902 1352 960 1416 sub
977 1351 1169 1434 singulorum
1189 1369 1204 1414 c

136 1455 328 1538 imaginibus
351 1455 436 1519 facta
458 1456 723 1539 magistratusque
746 1474 852 1519 eorum
869 1475 931 1519 non
947 1455 1082 1538 amplius
1098 1477 1170 1538 qua·

136 1559 234 1622 ternis
250 1558 394 1641 quinisve
409 1558 553 1623 versibus
568 1556 783 1642 descripserit;
808 1555 892 1639 quod
907 1559 962 1623 vix
979 1558 1169 1623 credendum

136 1669 193 1742 est,
217 1667 321 1726 tantas
343 1680 394 1726 res
416 1667 481 1725 tam
500 1660 639 1726 breviter
654 1661 793 1743 potuisse
809 1661 969 1726 declarari.
1000 1661 1058 1726 Est
1075 1663 1169 1726 etiam

136 1785 217 1830 unus
252 1764 334 1829 liber
363 1764 483 1828 Graece
521 1764 691 1844 confectus,
729 1762 770 1828 de
807 1765 969 1829 consulatu
1000 1765 1167 1831 Ciceronis.

135 1868 250 1950 Attigit
271 1868 414 1950 poeticen
437 1887 571 1952 quoquc,
600 1866 765 1949 credimus,
795 1887 835 1931 ne
859 1867 926 1934 cius
948 1887 1063 1952 expers
1086 1876 1202 1933 essetr

134 1971 308 2036 suavitatis.

238 2076 326 2139 Haeo
341 2075 494 2140 hactenus
505 2074 610 2140 Attico
625 2075 699 2140 vivo
715 2074 801 2140 edita
815 2095 836 2138 a
849 2075 941 2140 nobis
958 2081 1039 2140 suut.
1063 2076 1165 2154 Nunc,
1184 2087 1219 2140 19
1329 2133 1332 2140 .

136 2179 283 2260 quoniam
310 2179 436 2243 fortuna
462 2199 520 2242 nos
547 2179 730 2263 superstites
758 2179 788 2242 ci
814 2197 884 2243 esse
909 2179 1017 2259 voluit,
1048 2180 1168 2262 reliqua

135 2301 358 2365 persequemur
392 2289 432 2363 et,
468 2289 620 2365 quantum
653 2271 842 2366 poterimus,
875 2301 979 2366 rerum
1015 2282 1168 2365 exemplis

135 2384 267 2449 lectores
290 2384 481 2466 docebimus,
505 2386 586 2450 sicut
608 2405 703 2468 supra
725 2385 983 2468 significavimus,
1011 2405 1084 2450 suos
1107 2386 1168 2450 cui-

136 2507 197 2569 que
219 2508 321 2552 mores
343 2488 526 2571 plerumque
549 2488 715 2552 conciliare
737 2489 903 2552 fortunam.
949 2489 1094 2570 Namque
1117 2487 1202 2552 hica

134 2597 301 2655 contentus
323 2591 432 2656 ordine
455 2591 601 2672 equestri,
629 2610 690 2672 quo
713 2597 780 2655 erat
803 2597 898 2672 ortus,
926 2591 959 2654 in
981 2590 1167 2654 affinitatem

136 2694 280 2777 pervenit
305 2695 511 2778 imperatoris,
539 2693 614 2757 Divi
636 2693 702 2775 filii,
731 2714 802 2759 cum
829 2695 892 2757 iam
915 2700 989 2758 ante
1011 2693 1168 2757 familiari-

136 2803 233 2861 tatem
257 2796 324 2863 eius
348 2803 431 2863 esset
454 2802 638 2861 consecutus
660 2797 747 2862 nulla
768 2798 832 2862 alia
850 2817 993 2879 requam
1011 2797 1168 2880 elegantia

136 2901 234 2981 vitae,
266 2920 328 2982 qua
355 2907 474 2965 ceteros
502 2906 628 2983 ceperat
657 2901 815 2984 principes
847 2900 983 2966 civitatis
1013 2900 1168 2984 dignitate

136 3005 213 3088 pari,
237 3004 361 3068 fortuna
383 3003 572 3068 humiliores.
610 3005 714 3068 Tanta
736 3005 820 3068 enim
843 3005 1033 3087 prosperitas
1056 3005 1201 3070 Caesa-3

136 3127 203 3172 rcm
226 3114 274 3172 est
296 3116 473 3187 consecuta,
496 3115 532 3171 ut
552 3107 630 3171 nilril
645 3109 674 3172 ci
690 3128 753 3173 non
768 3107 912 3172 tribuerit
926 3107 1060 3189 fortuna,
1085 3107 1168 3191 quod

136 3210 283 3293 cuiquam
305 3218 380 3274 ante
402 3209 566 3292 detulerat,
591 3217 622 3276 et
645 3212 825 3293 conciliarit,
850 3211 933 3294 quod
957 3232 1049 3277 nemo
1064 3212 1168 3277 adhuc

137 3314 215 3379 civis
236 3316 396 3379 Romanus
424 3314 524 3396 quivit
552 3316 709 3398 consequi.
754 3316 839 3380 Nata
866 3322 913 3380 est
934 3324 1040 3381 antem
1062 3316 1202 3382 Atticos

137 3417 241 3501 neptis
264 3437 305 3482 ex
327 3419 480 3502 Agrippa,
505 3418 555 3482 cui
576 3419 732 3502 virginem
754 3419 851 3483 filiam
875 3419 1048 3484 collocarat.
1076 3421 1169 3484 Hanc

136 3521 253 3586 Caesar
275 3523 332 3586 vix
354 3521 532 3586 anniculam
555 3522 602 3585 Ti.
622 3522 753 3587 Claudio
772 3523 901 3604 Neroni,
924 3523 1061 3586 Drusilla
1083 3530 1167 3604 nate,

136 3625 281 3707 privigno
305 3645 369 3705 suo,
393 3623 575 3709 despondit;
601 3645 681 3708 quac
705 3626 881 3690 coniunctio
904 3626 1168 3690 necessitudinem

136 3745 242 3791 corum
257 3728 356 3809 auxit,
373 3727 617 3793 familiaritatem
630 3729 766 3793 reddidit
780 3728 1031 3810 frequentiorem.
1057 3728 1170 3805 Quam·
1182 3738 1221 3792 ‘20

137 3851 230 3912 quam
254 3831 401 3896 velante
424 3831 503 3896 haec
526 3833 683 3916 sponsalia
706 3855 769 3899 non
796 3833 906 3909 solum,
934 3853 1005 3897 cum
1027 3833 1069 3897 ab
1091 3835 1169 3898 urbe
