2890 4196
270 145 362 198 XXII.
381 144 591 199 HAMILCAR.
610 147 635 200 4.
663 145 770 200 XXIII.
790 145 998 201 HANNIBAL.
1020 151 1042 202 l.
1055 150 1079 202 2.
1148 133 1187 194 87

259 319 301 383 ht
327 318 496 399 Hamilcar,
523 325 730 401 posteaquam
760 338 847 384 mare
876 319 1001 384 transiit
1022 319 1055 384 in
1077 321 1189 404 Hispa·
1206 329 1248 389 4'

156 424 303 504 uiamque
326 421 423 502 venit,
442 441 587 512 ¹‚magnas
608 441 658 486 res
681 421 822 488 secunda
843 423 942 506 gessit
964 423 1104 506 fortuna;
1127 445 1190 488 ma·

156 525 260 590 ximas
286 513 603 606 bellicosissimasque
631 531 744 607 gentes
775 526 913 610 subegit3
950 527 1048 608 equis
1082 528 1188 609 armis,

126 659 127 664 ¹
155 630 241 710 viris,
264 628 399 713 pecunia
421 635 520 693 totam
542 629 746 713 locupletavit
759 629 909 694 Africam.
945 630 1009 698 Sed
1032 619 1103 696 cum
1125 632 1223 696 iama

155 734 188 797 in
218 733 343 798 Italiam
377 732 494 796 bellurn
527 733 698 797 transferre
731 733 945 815 meditaretur,
978 754 1062 799 nono
1096 755 1188 818 anno,

155 844 322 922 postquam
344 837 377 900 in
399 836 587 920 Hispaniam
609 842 749 916 venerat,
773 836 806 900 in
828 837 946 921 proelio
969 857 1115 920 pugnans
1136 837 1211 900 ad·

155 960 266 1006 versus
287 941 439 1006 Vettones
461 940 582 1005 occisus
605 948 661 1004 est.
690 940 791 1005 Huius
812 935 998 1024 perpetuum
1021 940 1055 1004 in
1077 941 1187 1005 Roma·
1206 956 1220 1002 3
1240 969 1337 1010 rasam

156 1065 214 1111 nos
240 1044 346 1110 odium
369 1044 508 1109 maxime
531 1043 704 1109 concitasse
727 1042 852 1108 videtur
875 1043 1049 1109 secundum
1072 1043 1190 1109 bellum

155 1150 319 1214 Punicum.
363 1149 510 1228 Namque
532 1148 703 1226 Hannibal,
727 1146 809 1210 filius
833 1146 909 1226 eius,
932 1144 1075 1226 assiduis
1090 1148 1190 1231 patris

153 1250 415 1318 obtestationibus
438 1269 475 1314 ec
498 1255 547 1315 est
567 1248 747 1334 perductus,
770 1259 805 1314 ut
824 1249 952 1315 interire
969 1268 1064 1330 quam
1079 1250 1190 1315 Roma-

82 1423 83 1426 ,
155 1375 213 1422 nos
234 1375 298 1420 non
322 1353 458 1437 experiri
481 1353 598 1418 mallet.

257 1459 378 1522 XXIII.
403 1458 579 1538 Heumann,
595 1457 783 1522 Hamilcaris
797 1455 890 1537 filius,
908 1457 1188 1541 Carthaginiensis.
1208 1466 1223 1517 1

153 1564 190 1630 si
216 1582 327 1628 verum
352 1567 409 1641 est,
441 1559 525 1642 quod
552 1581 646 1626 nemo
674 1559 807 1641 dubitat,
837 1562 987 1645 populum
1013 1563 1189 1626 Romanum

154 1685 265 1732 omnes
287 1670 399 1747 gentes
421 1664 537 1729 virtute
559 1684 718 1748 superare,
740 1685 805 1730 non
828 1670 876 1729 est
890 1663 1090 1730 infitiandum
1106 1665 1189 1728 Hau-

156 1771 294 1836 nibalem
316 1773 403 1832 tanto
426 1767 620 1852 praestitisse
643 1774 762 1833 ceteros
784 1759 990 1853 imperatores
1011 1765 1188 1852 prudentia,

154 1879 274 1957 quanto
303 1873 435 1956 populus
461 1873 621 1936 Romanus
650 1871 819 1937 antecedat
847 1869 1031 1936 fortitudine
1060 1877 1189 1938 cunctas

155 1977 308 2042 nationes.
353 1976 436 2039 Nam
463 1974 720 2057 quotiescumque
747 1993 933 2058 congressus
960 1973 1062 2040 estin
1084 1975 1222 2056 ltaliae

154 2099 281 2165 semper
303 2078 447 2144 discessit
469 2078 618 2162 superior.
647 2076 814 2154 Quodnisi
830 2076 916 2142 domi
931 2078 1048 2143 ciuium
1062 2097 1188 2142 suorum

155 2182 277 2249 invidia
303 2181 485 2247 debilitatus
513 2187 605 2263 esset,
633 2182 791 2247 Romanos
818 2180 945 2248 videtur
966 2201 1115 2266 superare
1137 2202 1189 2265 po·

155 2289 262 2353 tuisse.
291 2284 354 2352 Sed
377 2286 543 2349 multorum
566 2284 752 2352 obtrectatio
774 2283 891 2348 devicit
912 2284 1006 2349 unius
1029 2285 1186 2348 uirtutem.

258 2392 470 2454 Romanorum
492 2394 599 2453 autem
618 2387 705 2454 velut
726 2386 901 2453 hereditate
915 2387 1060 2452 relictum
1081 2385 1187 2451 odium
1205 2402 1221 2449 a

154 2494 203 2560 sic
232 2492 444 2571 conservarit,
474 2497 510 2555 ut
538 2491 625 2574 prius
651 2491 790 2555 animam
818 2510 913 2572 quam
942 2488 975 2554 id
1005 2489 1190 2573 deponeret,

155 2597 220 2680 qui,
248 2616 319 2662 cum
340 2595 443 2678 patria
464 2595 572 2678 pulsus
594 2600 678 2659 esset
700 2599 732 2658 et
754 2593 928 2659 alienarum
950 2613 1045 2677 opum
1067 2592 1188 2675 indige·

156 2706 217 2782 ret,
251 2695 423 2780 numquam
453 2696 608 2762 destiterit
636 2697 742 2762 auimo
773 2695 890 2762 bellare
924 2717 997 2764 cum
1024 2697 1184 2762 Romanis.

138 2806 240 2884 ‚Nam
262 2807 297 2866 ut
317 2801 459 2867 omittam
473 2799 663 2885 Philippum,
687 2819 781 2881 quem
802 2798 919 2866 absens
941 2799 1063 2864 hostem
1085 2799 1222 2866 reddi-a

155 2908 202 2972 dit
224 2904 384 2986 Romanis,
411 2903 550 2970 omnium
577 2903 622 2968 eis
649 2902 842 2987 temporibus
867 2902 1103 2987 potentissimus
1129 2924 1186 2968 rex

157 3008 332 3076 Antiochus
354 3007 421 3072 fuit.
453 3008 545 3071 Hunc
567 3011 657 3070 tanta
679 3005 850 3090 cupiditate
873 3005 1014 3070 incendit
1036 3006 1186 3088 bellandi,

156 3121 191 3178 ut
212 3131 312 3194 usquc
333 3130 353 3175 a
375 3111 468 3175 rubro
490 3108 569 3175 mari
591 3129 680 3174 arma
701 3108 817 3174 inferre
839 3109 951 3175 Italiae
972 3117 1106 3194 pararet.
1134 3109 1186 3174 Ad
1204 3121 1220 3168 a
1239 3125 1341 3188 rauci.

158 3237 252 3300 quem
275 3235 345 3281 cum
366 3213 465 3296 legati
486 3213 650 3280 venissent
671 3211 816 3292 Romani,
845 3212 899 3294 qui
926 3212 966 3277 de
993 3212 1061 3279 eins
1082 3212 1189 3279 volun-

157 3328 222 3386 tate
252 3319 467 3402 explorarent,
497 3336 625 3401 operam
654 3315 818 3397 dederunt,
849 3322 884 3380 ut
912 3316 1126 3383 Hannibalem
1154 3318 1189 3384 in

157 3423 368 3508 suspicionem
404 3420 471 3503 regi
504 3419 707 3501 adducerent,
745 3425 907 3502 tamquam
939 3420 981 3486 ab
1015 3420 1093 3505 ipsis
1126 3441 1190 3488 cor-

157 3533 292 3610 ruptum.
338 3523 377 3588 Id
406 3544 478 3588 cum
500 3521 661 3587 Hannibal
691 3522 893 3607 comperisset
921 3543 1018 3605 seque
1043 3522 1084 3590 ab
1111 3525 1190 3590 inte·

157 3630 290 3696 rioribus
320 3626 458 3692 consiliis
488 3625 648 3710 segregari
678 3626 820 3705 vidisset,
851 3633 991 3710 tempore
1014 3626 1087 3693 dato
1109 3628 1223 3694 adiita
1437 3699 1438 3718 χ

157 3733 198 3798 ad
231 3751 348 3816 regem,
383 3730 475 3811 eique
508 3748 579 3818 cum
609 3729 708 3794 multa
737 3729 777 3794 de
806 3728 870 3794 fide
899 3749 957 3794 sua
987 3735 1019 3795 et
1051 3730 1122 3797 odio
1155 3732 1189 3798 in
1436 3731 1438 3802 l

1436 3809 1438 3896 l
