2934 4192
512 261 547 315 x.
566 260 662 314 nrou.
680 262 705 315 2.
724 263 747 316 3.
766 263 790 314 4.
810 263 834 316 5.
1150 241 1189 304 37

160 456 335 503 sermonem
350 435 544 500 rettulerunt.
576 431 645 509 Quo
660 433 713 498 ille
728 439 910 512 commotus,
934 452 975 496 ne
990 431 1106 514 agendi
1122 451 1192 496 cum

161 561 198 606 co
228 545 311 606 esset
340 544 489 622 potestas,
520 537 601 620 patri
632 556 776 620 soporem
804 534 943 601 medicos
972 534 1048 600 darc
1080 534 1190 618 coegit.

159 645 227 709 Hoc
249 662 345 726 aeger
367 641 486 724 sopitus
509 639 593 704 diem
616 639 694 704 obiit
716 659 904 723 supremum.
1245 665 1349 713 quos,

263 747 332 810 Hoc
368 744 493 809 initium
526 742 586 807 fnit
619 743 730 809 Dionis
767 748 800 807 et
831 741 978 825 Dionysii
1015 740 1228 822 simultatis,3

159 869 260 931 eaque
282 848 388 913 multis
410 849 503 913 rebus
525 853 619 910 aucta
641 852 698 911 est.
730 844 794 911 Sed
816 851 922 911 tamen
945 845 1054 930 primis
1077 851 1194 929 tempo-

159 954 245 1019 ribus
278 949 472 1033 aliquamdiu
506 950 652 1015 simulata
684 949 767 1014 inter
805 969 859 1014 eos
891 949 1031 1014 amicitia
1067 948 1192 1013 mansit.

159 1057 242 1120 Nam
269 1075 340 1120 cum
362 1055 445 1118 Dion
471 1074 535 1119 non
558 1052 724 1119 desisteret
746 1055 911 1118 obsecrare
933 1052 1131 1136 Dionysium,
1159 1059 1194 1118 ut

159 1160 322 1224 Platonem
351 1155 486 1222 Athenis
516 1163 689 1222 arcesseret
719 1162 751 1221 et
781 1156 848 1221 eius
877 1155 1014 1221 consiliis
1044 1163 1191 1238 uteretur,

158 1262 226 1343 ille,
258 1260 311 1343 qui
338 1261 371 1324 in
397 1260 505 1341 aliqua
531 1280 565 1324 re
591 1260 686 1324 vellet
710 1265 831 1342 patrem
858 1259 987 1340 imitari,
1018 1279 1136 1324 morem
1164 1261 1192 1324 ei

159 1365 271 1450 gessit,
299 1362 472 1444 eodemque
499 1368 639 1448 ternpore
661 1362 828 1428 Philistum
853 1362 1035 1426 historicum
1061 1363 1228 1446 Syracu-a

159 1489 211 1535 sas
232 1466 368 1548 reduxit,
391 1465 549 1531 hominem
571 1467 707 1531 amioum
730 1486 793 1531 non
815 1465 917 1549 magis
939 1472 1075 1549 tyranno
1098 1486 1192 1548 quam

159 1569 330 1656 tyrannidi.
378 1568 441 1635 Sed
469 1569 509 1634 dc
532 1569 646 1634 hocin
670 1589 707 1634 eo
729 1571 808 1634 libro
830 1569 920 1654 plura
943 1575 1015 1633 sunt
1038 1570 1192 1653 exposita,

160 1675 213 1758 qni
240 1673 279 1738 de
306 1673 461 1738 historicis
488 1673 617 1738 Graecis
647 1674 842 1757 conscriptus
870 1678 926 1738 est.
972 1672 1061 1737 Plato
1087 1679 1228 1737 autema

160 1785 282 1842 tantum
304 1775 389 1861 apud
410 1777 600 1860 Dionysium
621 1777 806 1841 auctoritate
828 1776 929 1860 potuit
950 1776 1112 1857 valuitque
1134 1777 1194 1842 elo-

161 1880 299 1963 quentia,
327 1886 362 1944 ut
388 1878 567 1962 tyrannidis
592 1879 688 1943 tinem
710 1878 806 1943 vellet
828 1878 932 1943 iacere
954 1879 1193 1961 libertatemque

160 1983 292 2049 reddere
322 1983 544 2067 Syracusanis3
579 2004 599 2047 a
627 2002 691 2065 qua
720 1983 882 2047 voluntate
911 1982 1035 2047 Philisti
1065 1983 1192 2048 consilio

160 2086 325 2152 deterritus
352 2086 512 2168 aliquanto
543 2084 697 2151 cmdelior
723 2105 792 2151 esse
820 2085 930 2169 coepit.
977 2084 1038 2162 Qui
1064 2086 1229 2169 quidem4

160 2211 230 2255 curn
259 2210 281 2254 a
305 2190 408 2254 Dione
438 2209 472 2254 se
502 2190 642 2272 superari
671 2188 794 2253 videret
823 2188 964 2272 ingenio,
997 2191 1192 2272 anctoritate,

159 2313 266 2358 amore
279 2292 397 2377 populi,
420 2293 549 2372 veritus,
572 2312 623 2373 ne,
646 2292 674 2358 ui
689 2311 761 2357 enm
776 2311 883 2358 secum
899 2293 1039 2373 haberet,
1055 2294 1193 2377 aliquam

161 2397 357 2461 occasionem
388 2396 436 2460 sui
466 2394 556 2460 daret
585 2394 797 2479 opprimendi,
831 2415 947 2461 navem
976 2396 1006 2461 ei
1036 2398 1194 2461 triremem

149 2497 257 2588 dedit,
270 2519 332 2581 qua
340 2498 524 2564 Corinthum
535 2498 752 2581 deveheretur,
765 2497 935 2564 ostendens
943 2518 977 2564 se
988 2497 1022 2563 id
1032 2500 1194 2582 utriusque

95 2620 97 2624 ’
160 2603 264 2668 facere
287 2621 391 2682 causa,
421 2621 471 2682 ne,
503 2621 573 2666 cum
600 2603 682 2667 inter
704 2622 739 2668 se
764 2602 920 2682 timerent,
950 2601 1099 2666 alteruter
1120 2603 1195 2668 alte·

160 2726 229 2770 rum
254 2711 507 2790 praeoccuparet.
545 2704 583 2769 Id
610 2726 681 2770 cum
703 2705 822 2770 factum
844 2705 933 2770 multi
955 2704 1228 2789 indignarentura

161 2827 357 2893 magnaeque
391 2815 474 2873 essct
505 2808 646 2874 invidiae
679 2815 830 2892 tyranno,
867 2808 1040 2892 Dionysius
1073 2810 1193 2891 omnia,

162 2932 242 2994 quae
263 2911 383 2976 moveri
405 2918 559 2995 poterant,
582 2913 694 2978 Dionis
716 2913 749 2976 in
772 2932 871 2977 naves
890 2912 1038 2996 imposuit
1057 2912 1099 2976 ad
1113 2933 1195 2978 eum-

161 3035 223 3099 qne
244 3015 338 3079 misit.
384 3013 437 3080 Sic
459 3015 542 3080 enim
566 3015 740 3080 existimari
763 3015 898 3096 volebat,
925 3013 958 3082 id
980 3035 1015 3081 se
1037 3036 1100 3081 non
1123 3016 1195 3081 odio

161 3118 311 3197 hominis,
348 3116 405 3182 scd
434 3137 511 3183 suae
540 3118 650 3184 salutis
679 3118 794 3184 fecisse
823 3139 927 3184 causa.
972 3119 1087 3184 Postea
1119 3139 1228 3190 veroa

162 3241 256 3304 quam
285 3220 407 3287 audivit
437 3241 509 3286 eum
538 3222 571 3286 in
601 3222 819 3305 Peloponneso
851 3243 980 3286 manum
1013 3242 1194 3306 comparare

162 3325 285 3407 sibique
313 3325 430 3389 bellum
460 3324 565 3390 facere
595 3326 715 3407 conari,
745 3326 878 3406 Areten,
912 3325 1024 3391 Dionis
1053 3345 1194 3407 uxorem,

162 3427 217 3492 alii
243 3433 376 3510 nuptum
404 3425 492 3492 dedit
517 3427 679 3510 filiumque
705 3427 774 3494 eius
800 3428 846 3495 sie
872 3426 1000 3494 educari
1027 3428 1131 3511 iussit,
1161 3435 1197 3494 ut

162 3529 355 3614 indulgendo
377 3530 565 3614 turpissimis
586 3532 778 3597 imbueretur
801 3531 1035 3617 cupiditatibus.

266 3634 437 3715 Postquam
460 3634 642 3700 Corinthum
669 3635 814 3719 pervenit
835 3636 919 3700 Dion
943 3642 974 3702 et
997 3636 1107 3701 eodem
1129 3647 1232 3721 per-5

163 3735 244 3820 fugit
274 3736 466 3818 Heraclides,
501 3738 554 3820 qui
583 3737 761 3822 praefectus
790 3738 893 3802 fuerat
923 3740 1077 3821 equitum,
1110 3741 1195 3806 omni

163 3839 284 3905 ratione
309 3839 427 3905 bellum
455 3860 635 3924 comparare
662 3847 841 3924 coeperunt.
888 3841 952 3907 Sed
978 3863 1040 3907 non
1064 3843 1230 3908 multuma
