2890 4196
484 187 592 241 XXIII.
612 186 820 242 HANNIBAL.
842 190 881 244 13.
1160 173 1202 234 95

165 362 222 426 On.
238 361 359 426 Baebio
374 359 552 444 Tamphilo,
576 359 733 443 Sulpicius
755 367 861 425 autem
883 359 990 425 Blitho
1004 361 1039 425 P.
1058 359 1201 426 Cornelio

135 501 146 545 t
165 462 306 547 Cethego
328 462 369 526 M.
393 463 513 527 Baebio
535 460 712 546 Tamphilo..
757 462 861 545 Atque
883 461 936 527 hio
957 469 1064 527 tantus
1087 462 1135 525 viu·
1156 469 1235 528 tota
1296 511 1298 515 -

165 567 325 650 tantisque
347 566 440 631 bellis
455 564 615 630 districtus
630 565 774 633 nonnihil
789 566 939 649 temporis
955 565 1065 630 tribuit
1078 565 1199 629 littaris.

105 678 109 684 '
164 669 310 751 Namque
332 669 452 750 aliquot
475 669 542 734 eius
563 668 636 733 libri
659 674 742 748 sunt,
759 668 880 734 Graeco
896 687 1040 734 sermone
1056 667 1200 747 confecti,

163 772 197 837 in
220 772 266 837 eis
287 770 330 836 ad
352 770 491 835 Rhodios
513 769 554 834 de
577 770 633 836 On.
650 770 760 834 Manlii
782 771 929 835 Volsonis
951 770 985 834 in
1008 769 1085 834 Asia
1107 772 1201 836 rebus

164 874 271 958 gestis.
316 873 421 958 Ipsius
448 872 522 939 belli
549 879 642 957 gesta
667 873 758 938 multi
784 873 953 938 memoriae
984 872 1234 957 prodiderunta·

165 976 222 1043 sed
245 996 286 1042 ex
309 977 355 1042 eis
378 976 449 1057 duo,
474 977 528 1058 qui
550 988 622 1042 oum
646 995 682 1041 eo
705 977 738 1041 in
762 975 873 1042 castris
895 976 1023 1041 fuerunt
1044 962 1200 1059 simulque

165 1081 324 1162 vixerunt,
353 1079 504 1162 quamdiu
525 1079 652 1145 fortuna
674 1099 769 1163 passa
793 1086 850 1160 est,
878 1079 1004 1145 Silenus
1027 1085 1059 1143 ot
1081 1079 1199 1145 Sosilus

164 1182 442 1248 Lacedaemonius.
466 1233 468 1246 ,
488 1181 593 1265 Atque
619 1182 679 1246 hoo
707 1182 808 1248 Sosilo
835 1182 996 1247 Hannibal
1026 1173 1199 1246 litterarum

166 1287 356 1352 Graecarum
378 1305 454 1350 usus
478 1292 524 1350 est
546 1284 681 1350 duotore.

268 1386 332 1454 Sed
354 1404 412 1451 nos
434 1394 559 1470 tempus
582 1393 629 1452 est
650 1386 744 1452 huius
766 1386 837 1451 libri
859 1387 965 1451 facere
985 1386 1081 1452 finem
1097 1395 1129 1452 et
1142 1389 1199 1452 Ro
1217 1405 1234 1452 4

166 1511 330 1557 manorum
353 1489 513 1573 explicare
531 1490 745 1573 imperatores,
769 1510 830 1573 quo
846 1489 969 1556 facilius
985 1490 1105 1554 collatis
1120 1496 1199 1554 utro-

166 1613 297 1676 rumque
319 1593 421 1676 laotis,
445 1594 506 1657 utri
529 1593 729 1678 praeferendi
751 1594 823 1676 sint,
847 1594 946 1677 possit
967 1592 1096 1658 iudicari
