2934 4192
504 187 536 242 v.
555 187 674 242 cruor.
694 190 754 260 ra
768 189 792 243 s.
1122 171 1161 234 19

133 362 283 428 solvisset.
328 361 476 427 Habebat
504 368 610 426 autern
640 361 673 425 in
704 361 901 426 matrimonio
931 381 1066 426 sororem
1093 374 1194 445 ger-a

132 485 256 529 manarn
279 485 368 530 suam
391 464 517 529 nomine
532 464 707 548 Elpinicen,
730 485 793 529 non
816 465 917 547 inagis
939 484 1045 529 amore
1068 485 1161 546 quarn

132 589 215 633 more
238 569 358 633 ductus.
401 569 546 650 Namque
567 567 814 634 Atheniensibus
839 567 913 632 licet
940 567 1050 632 eodem
1073 575 1162 655 patre

131 679 221 738 natas
243 692 358 737 uxores
381 671 504 735 ducere.
535 671 636 735 Huius
659 670 796 754 coniugii
820 670 952 754 cupidus
968 671 1083 736 Callias
1099 671 1194 752 qui-3

130 775 213 858 darn,
240 796 304 841 non
327 781 392 839 tam
414 794 586 858 generosus
610 795 704 856 quam
726 774 924 859 pecuniosuS,
953 776 1006 857 qui
1028 795 1161 859 magnas

130 880 280 965 pecunius
303 900 343 944 ex
366 879 501 943 metallis
524 877 652 958 fecerat,
680 879 746 962 egit
772 899 842 942 curn
867 878 1007 959 Cimone,
1034 885 1068 942 ut
1091 899 1161 943 cam

39 1067 40 1071 Ἰ
129 984 190 1064 sibi
221 1003 351 1048 uxorem
380 981 488 1046 daret:
518 980 550 1045 id
574 970 600 1046 si
623 981 831 1066 impetrasset,
861 1001 896 1047 se
918 1002 974 1066 pro
996 981 1048 1047 illo
1070 1002 1161 1066 pecu-

129 1088 216 1152 niam
239 1088 420 1152 soluturum.
466 1087 498 1150 Is
526 1105 596 1149 curn
624 1085 718 1149 talem
744 1085 959 1150 condicionem
981 1104 1196 1169 aspernare-4

129 1198 189 1272 tur,
218 1191 360 1275 Elpinice
387 1190 517 1273 negavit
544 1209 578 1254 se
605 1209 768 1273 passuram
795 1189 945 1253 Miltiadis
967 1190 1160 1273 progeniem,
1295 1176 1297 1180 ¹

130 1314 201 1359 curn
223 1293 389 1379 prohibere
412 1299 527 1377 posset,
557 1291 590 1356 in
614 1293 724 1357 vinclis
747 1292 879 1376 puhlicis
908 1293 1035 1357 interire
1065 1312 1161 1376 seque

130 1396 249 1464 Calliae
272 1403 449 1481 nupturam,
477 1396 574 1478 sica,
603 1416 684 1478 quae
709 1396 915 1480 polliceretur,
943 1397 1159 1480 praestitisset.

129 1502 199 1566 Hoc
220 1500 312 1572 modo
335 1500 477 1565 custodia
502 1500 652 1566 liberatus
676 1499 785 1565 Cimon
815 1499 957 1564 celeriter
982 1498 1024 1563 ad
1049 1501 1196 1584 princi-2

129 1611 238 1690 patum
254 1605 406 1689 pervenit.
431 1603 579 1668 Habebat
594 1603 678 1667 enim
693 1604 769 1668 satis
785 1604 990 1685 eloquentiae,
1007 1624 1161 1668 summam
1201 1645 1203 1649 ,

128 1709 359 1790 liberalitatem,
387 1728 537 1792 magnam
559 1707 758 1792 prudentiam
782 1727 852 1772 curn
874 1707 949 1772 iuris
972 1707 1072 1772 civilis
1095 1714 1160 1772 tum

129 1811 176 1877 rei
199 1811 351 1892 mihtaris,
375 1810 458 1894 quod
481 1831 552 1876 cum
574 1817 664 1895 patre
687 1831 707 1874 a
729 1831 824 1894 puero
843 1810 877 1874 in
893 1811 1082 1876 exercitibus
1098 1811 1160 1876 fue·

129 1921 179 1980 rat
201 1922 352 1980 versutus.
391 1917 502 1998 ltaque
525 1922 557 1979 et
578 1916 727 2000 populum
750 1914 904 1978 urbanum
925 1915 959 1978 in
982 1935 1039 1979 sua
1061 1915 1161 1978 tenuit

129 2025 286 2105 potestate
309 2024 341 2082 et
362 2017 447 2102 apud
470 2017 641 2083 exercitum
663 2017 831 2102 plurimum
851 2017 949 2081 valuit
967 2018 1159 2083 auctoritate.

129 2123 269 2188 Primum
291 2122 459 2206 imperator
480 2121 565 2206 apud
587 2120 704 2185 flumen
720 2122 889 2204 Strymona
905 2140 1036 2204 magnas
1057 2120 1161 2204 copias
1181 2135 1195 2182 2
1213 2135 1311 2177 croam,

129 2227 287 2292 Thracum
311 2225 443 2310 fugavit,
471 2225 621 2309 oppidum
645 2224 857 2309 Amphipolim
881 2225 1041 2292 constituit
1063 2245 1162 2306 coque

130 2331 241 2395 decern
263 2331 349 2394 milia
370 2329 612 2394 Atheniensium
638 2329 671 2393 in
695 2328 848 2393 coloniam
870 2329 963 2394 misit.
1008 2328 1098 2392 Idem
1120 2328 1161 2392 ad
1180 2341 1194 2386 3

129 2432 366 2518 Eurymedonta
392 2432 508 2498 flumen
532 2432 718 2517 Cypriorum
745 2438 777 2497 et
797 2431 990 2497 Phoenicum
1017 2431 1162 2496 ducenta·
1214 2463 1314 2505 ωσι

52 2531 54 2536 ’
129 2559 200 2602 rum
227 2537 356 2602 navium
384 2537 516 2602 classem
540 2534 696 2600 devictam
720 2535 804 2620 cepit
826 2534 999 2618 eodemque
1022 2533 1073 2600 die
1092 2536 1161 2620 pari

130 2641 256 2706 fortuna
271 2641 304 2705 in
319 2646 402 2705 terra
423 2659 499 2705 usus
522 2646 586 2705 est:
609 2659 745 2721 namque
760 2638 897 2704 hostiurn
911 2639 1047 2704 navibus
1062 2639 1161 2723 captis

130 2745 237 2810 statim
260 2765 301 2810 ex
324 2745 424 2809 classe
447 2744 552 2829 copias
575 2763 648 2809 suas
671 2742 781 2807 eduxit
806 2742 1073 2826 barbarorumque
1098 2765 1160 2808 rna-

131 2847 250 2912 ximam
273 2848 337 2912 vim
360 2868 421 2913 uno
445 2867 596 2912 concursu
611 2845 788 2931 prostravit.
817 2843 887 2921 Qua
902 2845 1032 2911 victoria
1046 2857 1195 2932 magnae

131 2952 250 3036 praeda
271 2951 388 3035 potitus
411 2971 481 3016 curn
504 2951 630 3016 domurn
652 2956 869 3031 reverteretur,
897 2948 1065 3032 quodiam
1087 2971 1162 3016 non·

132 3056 236 3120 nullae
265 3055 387 3120 insulae
419 3060 547 3139 propter
578 3055 783 3120 acerbitatem
815 3053 939 3138 imperii
958 3052 1160 3137 defecerant,

131 3159 213 3224 bene
240 3158 395 3223 animatas
423 3157 628 3250 confirmavit,
659 3158 812 3222 alienatas
837 3156 879 3221 ad
901 3156 1038 3222 officium
1059 3157 1161 3224 redire

41 3276 43 3281 ’
133 3262 243 3345 co‘e'git.
290 3263 432 3345 Scyrum,
464 3283 558 3345 quarn
585 3282 622 3327 eo
649 3265 789 3346 tempore
811 3261 948 3345 Dolopes
973 3261 1195 3343 incolebant,5

134 3365 214 3447 quod
242 3366 456 3431 contumacius
483 3385 517 3430 se
543 3371 716 3450 gesserant,
745 3363 935 3430 vacuefecit:
966 3385 1162 3450 possessores

133 3475 256 3535 veteres
278 3471 356 3534 urbe
378 3469 542 3552 insulaque
566 3467 666 3550 eiecit,
690 3489 782 3553 agros
799 3469 920 3535 civibus
936 3467 1051 3534 divisit.
1082 3468 1162 3533 Tha-

133 3571 196 3638 sios
222 3573 384 3658 opulentia
405 3572 502 3639 fretos
525 3593 580 3638 suo
602 3572 742 3638 adventu
764 3571 867 3657 fregit.
912 3573 970 3637 His
993 3592 1033 3636 ex
1057 3593 1163 3637 manu-

134 3677 194 3742 biis
208 3697 266 3741 arx
281 3677 486 3759 Athenarum,
512 3697 573 3759 qua
595 3676 636 3741 ad
657 3675 820 3740 meridiem
842 3676 953 3759 vergit,
978 3681 1024 3742 est
1043 3685 1161 3740 ornata.

135 3778 255 3855 Quibus
277 3782 371 3846 rebus
395 3801 464 3844 curn
488 3801 568 3846 unus
590 3779 623 3844 in
647 3779 773 3845 civitate
795 3779 933 3844 maxime
959 3779 1092 3868 floreret,
1119 3779 1199 3842 ine

977 3881 1008 3932 2*
