2934 4192
440 195 521 250 XIII.
539 194 760 249 TIMOTHEUS.
781 196 803 249 1.
816 197 841 249 2.
854 197 878 250 3.
1135 177 1177 242 45

246 370 335 434 ΧΙΙΙ,
381 370 582 449 Tuncrunus,
622 367 758 433 (lenonis
791 367 888 447 fillus,
922 366 1125 432 Atheniensis
1158 377 1210 431 al

143 479 232 556 patre
262 479 423 555 acceptam
455 470 586 554 gloriam
617 470 722 534 multis
756 469 845 533 auxit
877 469 1054 534 virtutibus.
1105 470 1178 535 Fuit

142 576 228 640 enim
258 574 403 654 disertus,
434 574 577 658 impiger,
608 573 795 653 laboriosus,
825 573 871 637 rei
901 573 1045 638 militaris
1074 593 1178 655 neque

143 679 247 743 minus
270 676 407 743 civitatis
430 676 589 761 regendae
611 676 739 760 peritus.
785 675 884 740 Multa
907 676 973 740 eius
996 682 1070 741 sunt
1091 689 1212 760 prae-a

143 783 226 845 clare
256 780 349 862 sacta,
384 778 441 845 sed
470 779 550 844 haec
583 779 722 843 maxime
752 778 892 843 illustria.
946 778 1113 862 Olynthios
1147 787 1179 845 et

142 884 314 968 Byzantios
342 883 426 948 bello
457 883 590 966 subegit.
637 883 766 948 Samum
797 882 893 965 cepit;
927 882 960 946 in
991 901 1052 964 quo
1084 902 1179 966 oppu-

141 987 270 1071 gnando
298 987 457 1070 superiore
482 987 564 1051 bello
592 985 803 1049 Athenienses
831 985 916 1049 mille
943 992 973 1050 et
997 1007 1033 1048 cc
1060 985 1180 1050 talenta

142 1098 411 1175 consumpserant,
438 1089 472 1153 id
498 1090 550 1153 ille
573 1089 642 1154 sine
664 1089 728 1152 ulla
750 1088 877 1171 publica
898 1088 1043 1173 impensa
1064 1091 1179 1173 populo

143 1195 293 1260 restituit:
330 1193 491 1257 Adversus
526 1193 641 1275 (lotym
675 1191 759 1256 bella
791 1191 891 1274 gessit
923 1193 965 1255 ab
996 1212 1096 1274 eoque
1126 1191 1179 1256 du-

143 1304 236 1363 centa
265 1297 386 1360 talenta
417 1294 556 1378 praedae
592 1295 625 1358 in
656 1294 816 1379 publicum
846 1295 973 1359 rettulit.
1028 1296 1213 1379 Cyzicuma

142 1400 306 1466 obsidione
343 1399 498 1463 liberarit.
551 1398 756 1462 Ariobarzani
794 1398 886 1464 simul
924 1418 994 1463 curn
1031 1399 1179 1483 Agesilao

142 1502 261 1568 auxilio
284 1503 443 1586 profectus
467 1508 527 1585 est;
555 1521 575 1565 a
599 1521 660 1583 quo
684 1521 755 1566 cum
777 1503 860 1566 Laco
883 1503 1051 1586 pecuniam
1073 1523 1180 1567 nume-

141 1613 244 1670 ratam
265 1605 448 1688 accepisset,
476 1605 529 1668 ille
556 1605 641 1670 cives
665 1624 738 1669 suos
759 1624 835 1688 agro
859 1613 953 1687 atque
975 1605 1106 1672 urbibus
1128 1627 1180 1671 au-

143 1709 211 1793 geri
233 1708 343 1772 maluit
366 1727 459 1790 quam
483 1707 516 1770 id
539 1725 671 1788 sumere,
695 1707 783 1771 cuius
805 1714 927 1791 partem
947 1707 1074 1773 domum
1090 1729 1179 1774 suam

144 1812 226 1876 ferre
247 1817 363 1895 posset.
387 1812 499 1893 Itaque
521 1810 644 1893 accepit
668 1809 830 1876 Crithoten
854 1818 885 1876 et
908 1812 1042 1877 Sestum.
1232 1836 1334 1879 sussen

247 1914 336 1978 Idem
352 1914 443 1978 classi
463 1913 652 1996 praefectus,
676 1913 913 1979 circumvehens
928 1914 1178 1998 Peloponnesum
1197 1919 1215 1972 ‘2

144 2018 322 2084 Laconicen
345 2009 522 2100 populatus,
554 2016 687 2081 classem
716 2036 822 2081 eorum
845 2017 978 2102 fugavit,
1008 2017 1179 2101 Corcyram

144 2122 202 2187 sub
239 2121 406 2204 imperium
443 2118 684 2184 Atheniensium
705 2112 858 2204 redegit,
901 2120 1064 2203 sociosque
1105 2119 1201 2185 dein*

144 2223 290 2289 adiunxit
318 2223 477 2306 Epirotas,
508 2222 719 2304 Athamanas,
751 2223 896 2289 Chaonas
926 2243 1097 2305 omnesque
1125 2243 1179 2289 eas
1231 2246 1334 2289 eruca

143 2335 265 2412 gentes,
296 2346 377 2409 quae
402 2345 489 2390 mare
515 2325 594 2389 illud
619 2325 774 2390 adiacent.
822 2324 891 2402 Quo
917 2326 1001 2390 facto
1024 2325 1213 2391 Lacedae-a

144 2430 242 2496 monii
269 2428 309 2493 de
335 2427 459 2493 diutina
485 2429 685 2493 contentione
712 2429 899 2494 destiterunt
927 2436 958 2493 et
985 2449 1042 2493 sua
1068 2437 1179 2513 sponte

144 2532 391 2599 Atheniensibus
410 2531 533 2615 imperii
552 2531 701 2595 maritimi
721 2533 931 2615 principatum
947 2538 1177 2596 concesserunt.

144 2636 234 2712 Quae
264 2635 395 2699 victoria
424 2641 533 2698 tantae
563 2634 622 2698 fuit
648 2635 762 2699 Atticis
789 2635 937 2715 laetitiae,
966 2641 1001 2698 ut
1027 2641 1093 2698 tum
1120 2635 1179 2719 pri-

145 2760 230 2804 mum
252 2759 308 2803 ara
329 2739 404 2802 Paci
426 2738 552 2822 publice
578 2737 663 2802 facta
685 2737 765 2802 deae
787 2739 933 2822 pulvinar
955 2739 1177 2803 institueretur.

145 2843 242 2908 Ouius
275 2841 378 2906 laudis
410 2847 446 2906 ut
480 2841 631 2906 memoria
665 2849 819 2922 maneret,
856 2842 1021 2907 Timotheo
1054 2842 1214 2926 publices

144 2952 280 3010 statuam
302 2945 335 3008 in
358 2945 425 3008 foro
445 2950 624 3028 posuerunt.
660 2943 721 3020 Qui
737 2944 836 3010 honos
855 2945 933 3009 nulli
952 2951 1027 3009 ante
1049 2944 1082 3009 id
1104 2953 1180 3010 tem-

145 3069 204 3132 pus
231 3049 371 3130 contigit,
403 3055 447 3128 ut,
478 3049 659 3132 compatri
686 3049 819 3132 populus
846 3055 981 3113 statuam
1011 3050 1178 3132 posuisset,

144 3152 208 3216 filio
232 3171 356 3233 quoque
379 3150 514 3215 daretur.
554 3151 606 3217 Sic
629 3152 718 3216 iuxta
740 3153 844 3235 posita
865 3171 975 3217 recens
997 3152 1053 3216 filii
1075 3159 1180 3217 statua

144 3261 284 3318 ueterem
306 3253 405 3337 patris
427 3255 592 3319 renovavit
614 3255 805 3319 memoriam.

249 3357 403 3422 Grandior
434 3378 504 3422 eum
534 3364 617 3423 esset
643 3364 748 3422 aetate
778 3365 809 3423 et
839 3360 1040 3442 magIstratus
1070 3376 1216 3441 gereres

144 3459 289 3540 desisset,
320 3460 402 3524 bello
425 3461 636 3526 Athenienses
665 3461 804 3544 undique
834 3463 934 3545 premi
964 3468 1037 3526 sunt
1067 3463 1178 3546 coepti.

145 3561 313 3627 Defecerat
337 3563 443 3644 Chius,
474 3563 629 3629 descierat
650 3566 882 3648 Hellesspontn,
912 3564 1086 3649 Philippus,
1117 3566 1180 3629 iarn

145 3671 213 3729 tum
235 3665 358 3746 valens,
382 3667 480 3731 multa
502 3667 702 3751 moliebatur;
727 3668 777 3732 cui
798 3667 881 3732 bello
904 3668 1081 3751 praefectus
1101 3668 1179 3733 (lha-

145 3787 196 3834 res
219 3788 291 3834 curn
314 3776 406 3851 esset,
434 3791 498 3834 non
521 3771 597 3836 satis
618 3771 651 3836 in
675 3791 712 3836 eo
734 3771 883 3855 praesidii
905 3772 1082 3855 putabatur.
1129 3771 1214 3834 Fita
