2890 4196
470 207 577 260 xxm.
597 176 802 263 uranium.
822 213 845 264 u.
859 213 883 266 a.
1151 199 1191 260 91

160 379 291 462 imperio
313 379 399 464 apud
421 382 593 445 exercitum
615 381 778 446 haberent.
817 383 885 448 lloc
900 404 1049 468 responso
1066 385 1193 450 Cartha·
1211 404 1228 451 4
1290 457 1293 466 ,

159 483 320 567 ginienses
343 482 470 566 cognito
491 481 704 549 Hannibalem
727 482 855 549 domum
880 493 1077 551 revocarunt.
1123 488 1193 552 Huc
1247 521 1348 562 mm„

160 592 195 650 ut
217 585 319 666 rediit,
342 605 400 650 rex
415 585 518 650 faetus
535 593 592 666 est,
615 592 784 669 postquam
798 588 968 672 imperator
983 589 1095 670 fuerat,
1110 609 1195 657 auno

160 688 299 754 secundo
321 694 353 753 et
374 687 533 753 vicesimo.
562 688 606 753 Ut
629 689 714 754 enim
735 691 855 768 Romae
878 691 1031 772 consules,
1055 691 1102 757 sic
1124 692 1196 758 Oar-

160 791 291 873 thagine
306 791 474 872 quotannis
489 789 557 855 bini
572 810 664 874 reges
680 793 876 858 creabantur.
900 793 939 857 In
955 813 992 858 eo
1008 793 1195 877 magistratu
1213 813 1229 860 u

160 894 228 978 pari
259 892 425 978 diligentia
451 912 487 958 se
508 892 670 958 Hannibal
692 895 837 978 praebuit
859 915 898 960 ac
920 896 1024 961 fuerat
1045 897 1079 962 in
1102 897 1192 962 bello.

161 998 306 1079 Namque
325 995 442 1082 ,effecit
467 1015 509 1060 ex
530 996 623 1062 novis
642 996 851 1081 vectigalibus
866 1016 932 1063 non
947 999 1048 1064 solum
1062 1005 1098 1064 ut
1112 1007 1194 1065 esset

160 1100 302 1183 pecunia,
328 1119 408 1181 quae
424 1098 575 1163 Romanis
590 1117 631 1163 ex
653 1098 782 1164 foedere
804 1099 1004 1184 penderetur,
1028 1102 1195 1167 sedetiam

160 1205 348 1287 superesset,
376 1201 517 1284 quaein
543 1202 666 1266 aerario
692 1210 905 1286 reponeretur.
949 1205 1055 1269 Tertio
1077 1204 1348 1279 deindeo19⁶.‚cu.

160 1326 244 1370 anno
265 1311 346 1389 post,
373 1304 414 1368 M.
431 1303 564 1370 Claudio
585 1304 622 1368 L.
643 1299 738 1370 Furio
761 1307 951 1387 consulibus,
973 1307 1075 1372 Roma
1097 1308 1195 1390 legati

136 1384 386 1491 'Carthaginem
417 1415 580 1472 venerunt.
627 1408 694 1474 Hos
720 1408 882 1485 Hannibal
909 1415 996 1474 ratus
1023 1409 1072 1475 sui
1100 1429 1194 1493 expo-

159 1510 269 1577 scendi
291 1510 394 1595 gratia
416 1510 538 1591 missos,
561 1511 745 1595 priusquam
768 1511 814 1577 eis
837 1518 966 1577 senatus
982 1511 1118 1594 daretur,
1141 1533 1194 1577 ua·

159 1635 233 1679 vem
255 1612 398 1678 ascendit
421 1614 502 1677 clam
524 1619 619 1696 atque
641 1613 823 1697 in·Syriam
850 1613 893 1678 ad
914 1614 1105 1679 Antiochum
1127 1635 1194 1698 per-

160 1717 250 1810 fugit.
280 1716 350 1781 Hac
371 1734 406 1781 re
427 1717 533 1799 palam
556 1716 642 1781 facta
663 1717 762 1781 Poeni
784 1736 883 1782 naves
904 1716 994 1798 duas,
1017 1738 1099 1799 quae
1121 1737 1227 1786 eumr

161 1817 471 1902 comprehenderent,
501 1818 530 1885 si
560 1826 688 1903 possent
718 1819 883 1901 consequi,
914 1820 1080 1900 miserunt,
1110 1821 1194 1886 bona

160 1923 228 1987 eius
242 1921 451 2004 publicarunt,
467 1920 594 1986 domum
610 1942 630 1986 a
644 1920 859 1998 fundamentis
874 1920 1074 2003 disiecerunt,
1090 1921 1193 2006 ipsum

160 2026 286 2090 exulem
309 2023 495 2089 iudicarunt.

264 2127 307 2192 At
320 2126 481 2193 Hannibal
495 2147 579 2193 anno
595 2115 696 2208 tertio,
711 2134 879 2212 postquam
894 2128 986 2194 domo
1002 2129 1192 2212 profugerat,
1212 2145 1228 2197 8

159 2233 194 2296 L.
219 2229 363 2297 Oomeho
386 2228 424 2306 Q.
447 2229 583 2294 Minucio
607 2231 797 2311 consulibus,
820 2249 892 2295 cum
913 2254 934 2295 v
955 2232 1091 2297 navibus
1112 2231 1192 2297 Afri·
1247 2261 1348 2302 rauco.

160 2356 230 2400 earn
252 2333 386 2399 accessit
407 2333 442 2398 in
463 2333 580 2398 finibus
603 2333 848 2416 Cyrenaeorum,
871 2333 898 2398 sl
914 2335 1192 2418 Carthaginienses
1279 2331 1281 2334 ’

160 2436 202 2502 ad
223 2437 341 2501 bellum
363 2434 580 2501 renovandum
596 2427 760 2500 induceret
774 2455 830 2519 spe
846 2434 1023 2518 fiduciaque
1034 2436 1192 2517 Antiochi,

161 2540 211 2604 cui
233 2539 296 2603 iam
318 2544 528 2623 persuaserat,
555 2545 591 2602 ut
617 2557 688 2601 cum
711 2539 902 2604 exercitibus
924 2537 957 2602 in
979 2538 1105 2602 ltaliam
1126 2558 1194 2621 pro-

160 2642 359 2707 ficisceretur.
387 2643 458 2706 Huc
473 2642 641 2724 Magonem
662 2640 791 2705 fratrem
814 2640 941 2705 exoirit.
965 2640 1003 2704 ld
1024 2640 1079 2704 uhi
1095 2640 1226 2705 Poenis

160 2745 362 2824 resciverunt,
385 2743 553 2827 Magonem
576 2743 696 2822 cadem,
721 2763 783 2824 qua
804 2742 942 2823 fratrem,
965 2763 1068 2827 poena
1082 2745 1193 2808 ahsen

160 2854 225 2912 tem
251 2847 433 2912 affecerunt.
471 2846 522 2911 Illi
544 2845 718 2928 desperatis
741 2848 836 2911 rebus
859 2864 929 2910 cum
952 2845 1119 2910 solvissent
1140 2865 1193 2910 ua-

160 2969 217 3015 ves
245 2969 284 3014 ac
313 2949 385 3014 vela
414 2948 518 3013 ventis
548 2946 718 3028 dedissent,
749 2947 909 3012 Hannibal
939 2947 980 3012 ad
1003 2947 1193 3012 Antiochum

161 3052 314 3137 pervenit.
359 3048 408 3116 De
430 3051 575 3135 Magonis
601 3051 729 3116 interitu
757 3049 875 3135 duplex
898 3049 1048 3115 memoria
1069 3050 1193 3134 prodita

110 3215 112 3220 .
161 3163 218 3222 est.
242 3156 389 3237 Namque
410 3153 465 3218 alii
487 3153 653 3236 naufragio
674 3153 804 3237 perisse,
827 3152 882 3218 alii
903 3172 925 3218 a
946 3153 1079 3218 servulis
1095 3152 1193 3237 ipsius

160 3259 360 3324 interfectum
382 3275 452 3322 esse
474 3256 625 3340 scriptum
647 3256 847 3338 rehquerunt.
882 3255 1056 3320 Antiochus
1077 3262 1193 3335 autem,
1206 3273 1228 3320 a

161 3364 189 3428 si
210 3369 276 3427 tam
298 3362 332 3426 in
354 3359 494 3444 gerendo
516 3360 600 3424 bello
626 3360 766 3426 consiliis
787 3359 977 3424 Hannibalis
1005 3341 1117 3442 parere
1143 3378 1195 3422 vo·

152 3465 270 3530 luisset
297 3483 392 3546 quam
423 3462 456 3526 in
488 3461 687 3546 suscipiendo
714 3461 902 3541 instituerat,
933 3462 1061 3545 propius
1088 3460 1195 3528 Tiberi

162 3588 256 3650 qnam
271 3568 304 3632 in
319 3565 539 3649 Thermopylis
554 3564 595 3628 de
610 3584 733 3630 summa
747 3563 870 3649 imperii
882 3563 1073 3630 dimicasset.
1094 3563 1196 3641 Quem

162 3671 221 3737 etsi
254 3671 353 3736 multa
386 3669 480 3735 stulte
514 3668 620 3732 conari
652 3665 797 3748 videbat,
835 3674 942 3734 tamen
978 3667 1064 3732 nulla
1097 3667 1130 3730 in
1162 3687 1195 3732 rc
1439 3729 1440 3750 ,

162 3769 308 3839 deseruit.
354 3771 496 3836 Praefuit
525 3770 635 3853 paucis
664 3771 813 3850 navibus,
852 3789 930 3852 quas
964 3789 1005 3834 ex
1035 3769 1128 3853 Syria
1161 3770 1193 3834 iu
1213 3785 1227 3828 o
1250 3797 1349 3838 rusca.
1439 3759 1440 3765 ἵ
