2934 4192
290 150 333 216 50
619 165 697 221 xiv.
715 165 908 221 nnununs.
928 171 952 223 5.
971 171 995 222 c.
1082 155 1083 160 '

255 339 324 405 ain
347 339 459 405 itincre
482 339 638 420 convenit,
662 339 716 422 qui
737 339 849 423 Aspim
872 338 1039 417 ducebant.
1075 339 1145 417 Qua
1167 343 1330 408 celeritate

186 519 187 524 .
292 464 363 511 cum
391 463 542 528 magnam
570 442 826 509 benevolentiam
855 443 939 528 regis
961 444 1114 509 Datames
1142 452 1331 511 consecutus
1404 443 1408 450 '

291 554 384 628 esset,
414 567 478 612 non
505 546 608 612 minor
634 566 706 612 curn
733 545 855 611 invidia
876 547 1048 612 aulicomm
1076 549 1212 634 excepit,
1243 549 1329 631 quod

290 652 378 716 illum
399 670 498 714 unum
519 650 617 734 pluris
641 669 734 732 quarn
756 669 791 716 se
813 669 923 716 omnes
941 649 1009 715 fieri
1028 650 1189 736 videbant.
1221 650 1330 728 Quare

257 755 397 820 acuncti
422 753 465 818 ad
491 773 563 819 curn
589 753 830 837 opprimendum
858 761 1093 819 consenserunt.
1138 756 1226 820 Haec
1247 756 1330 820 Pan-

291 858 413 940 dantes,
436 876 536 942 gazae
558 862 662 922 custos
683 855 800 941 regiae,
828 857 948 923 amicus
969 858 1123 940 Datamis,
1151 858 1330 943 perscripta

291 963 321 1028 ei
343 960 438 1027 mittit
461 980 595 1042 eumque
618 958 710 1026 docet
731 960 764 1024 in
787 980 903 1044 magno
924 960 992 1026 fcrc
1019 961 1167 1044 periculo,
1197 962 1224 1027 si
1251 961 1329 1044 quid

257 1067 345 1132 cillo
371 1065 548 1150 imperante
574 1062 700 1128 adversi
725 1062 760 1128 in
782 1065 930 1148 Aegypto
958 1062 1135 1130 accidisset.
1180 1065 1329 1148 Namque

291 1189 361 1234 eam
384 1187 454 1233 csse
471 1165 737 1233 'consuetudinem
758 1186 879 1250 regum,
900 1173 938 1232 ut
956 1186 1048 1233 casus
1066 1167 1216 1235 adversos
1229 1168 1328 1234 homi·
1451 1227 1452 1248 ,

290 1273 384 1338 nibus
400 1271 401 1274 ’
416 1271 565 1351 tribuant,
599 1270 754 1335 secundos
787 1288 864 1334 snae
896 1269 1050 1353 fortunae,
1085 1291 1146 1353 quo
1179 1271 1258 1353 lieri,
1291 1278 1328 1336 ut

290 1375 383 1440 facile
412 1374 613 1460 impellantur
645 1371 687 1438 ad
721 1392 828 1452 eorum
856 1373 1038 1459 perniciem,
1069 1394 1201 1457 qucmm
1230 1373 1327 1442 ductu

289 1499 341 1545 res
367 1479 450 1544 male
476 1483 587 1564 gestae
615 1477 808 1543 nuntientur.
853 1477 946 1542 illum
972 1478 1033 1544 hoc
1058 1478 1177 1545 maiore
1203 1478 1270 1547 fore
1292 1479 1327 1544 in

291 1582 481 1664 discrimine,
496 1579 590 1665 quod,
606 1579 721 1664 quibus
734 1599 793 1645 rex
807 1581 948 1646 maxime
961 1578 1119 1664 oboediat,
1128 1571 1195 1649 eos
1209 1581 1328 1672 habeat

256 1684 530 1752 cinimicissimos.
575 1683 634 1750 His
666 1683 719 1750 ille
750 1683 864 1750 litteris
897 1684 1045 1768 cognitis,
1083 1705 1155 1751 cum
1187 1684 1251 1750 iam
1282 1685 1351 1758 ad,

291 1790 465 1858 exercitum
478 1789 566 1854 Acen
586 1786 735 1870 venisset,
757 1788 906 1871 quoniam
927 1808 992 1853 non
1010 1787 1178 1873 ignorabat
1197 1809 1237 1854 ea
1249 1809 1328 1856 vere
1356 1874 1358 1876 Ψ

291 1896 407 1980 scripta
428 1911 508 1974 esse,
531 1890 706 1957 desciscere
728 1911 749 1956 a
768 1910 845 1974 rege
867 1885 1037 1958 coustituit.
1078 1892 1192 1975 Neque
1217 1897 1327 1958 tamen

256 1999 459 2083 equiequam
486 1995 572 2076 fecit,
606 1993 690 2078 quod
718 1994 782 2061 lide
814 2014 873 2061 sua
905 2000 990 2061 esset
1019 1994 1195 2079 indignum.
1241 1997 1328 2063 Nam

289 2099 503 2167 Mandroclem
516 2099 698 2182 Magnetem
719 2097 872 2164 exercitui
893 2097 1061 2184 praefecit3
1083 2098 1154 2182 ipse
1173 2118 1245 2164 cum
1260 2098 1329 2167 suis

289 2205 323 2270 in
346 2199 577 2287 Cappadociam
604 2199 738 2268 discedit
764 2202 1026 2285 coniunctamque
1051 2202 1129 2287 hnic,
1151 2202 1330 2288 Paphlago

289 2309 375 2374 uiam
405 2311 550 2391 occupat,
585 2304 705 2386 celans,
738 2324 803 2388 qna
834 2305 996 2371 voluntate
1026 2310 1110 2372 esset
1137 2304 1172 2370 in
1205 2325 1327 2390 regem.

291 2413 381 2480 Clam
404 2430 475 2475 cum
496 2407 710 2476 Ariobarzane
732 2407 810 2474 facit
834 2407 1015 2491 amicitiam,
1046 2429 1176 2474 manum
1201 2429 1328 2494 compa

253 2519 272 2574 6
290 2521 349 2600 rat,
370 2516 465 2581 urbes
485 2513 623 2579 munitas
646 2510 711 2579 ruis
733 2510 868 2578 tuendas
887 2511 992 2577 tradit.
1020 2511 1084 2580 Sed
1102 2511 1183 2578 hacc
1196 2518 1329 2597 propter

288 2619 424 2684 hiemale
446 2623 570 2702 tempus
589 2615 694 2682 minus
713 2634 864 2700 prospere
881 2615 1105 2700 procedebant.
1136 2616 1234 2681 Audit
1246 2616 1328 2682 Pisi-

289 2722 348 2788 das
369 2719 523 2804 quosdam
545 2719 652 2804 copias
674 2718 827 2785 adversus
848 2737 884 2785 sc
902 2739 1023 2804 parare.
1053 2719 1169 2785 Filium
1189 2739 1226 2785 co
1240 2719 1330 2786 Arsi·

289 2825 404 2890 dacum
426 2842 497 2888 cnm
519 2823 660 2888 exercitu
682 2821 792 2887 mittit:
823 2821 909 2887 cadit
929 2821 963 2887 in
984 2821 1102 2906 proelio
1124 2821 1327 2890 adulescens.

288 2926 498 2993 Proficiscitur
520 2945 557 2990 co
579 2931 670 3010 pater
691 2945 755 2989 non
777 2925 823 2991 ita
843 2945 1054 3011 magnacum
1076 2946 1183 3007 manu,
1206 2926 1329 3010 celans,

289 3034 440 3113 quantum
462 3029 576 3094 vulnus
602 3029 787 3113 accepisset,
817 3027 901 3112 quod
928 3029 1014 3113 prius
1043 3027 1085 3093 ad
1110 3029 1234 3095 hostem
1254 3050 1319 3114 per·

288 3133 397 3199 venire
424 3131 580 3215 cupiebat,
610 3151 705 3214 quam
732 3128 773 3196 de
798 3131 882 3197 male
907 3152 942 3197 re
963 3137 1055 3216 gesta
1076 3131 1164 3196 fama
1184 3131 1227 3196 ad
1249 3152 1328 3200 suos

287 3236 476 3322 perveniret,
509 3253 551 3300 ne
581 3234 708 3317 cognita
737 3234 794 3300 filii
827 3241 927 3300 morte
955 3234 1053 3300 animi
1083 3234 1329 3302 debilitarentur·

253 3339 430 3406 2militum.
476 3336 545 3415 Quo
573 3335 786 3419 contenderat,
815 3337 962 3422 pervenit
989 3337 1096 3421 cisque
1118 3338 1196 3404 locis
1218 3343 1323 3405 castra

234 3487 240 3500 .
285 3443 384 3527 ponit,
399 3447 435 3506 ut
448 3461 552 3524 neque
567 3441 721 3506 circumiri
733 3439 934 3507 multitudine
947 3441 1199 3508 adversariorum
1213 3451 1325 3527 posset
1449 3519 1450 3534 ,

285 3564 389 3629 neque
410 3542 566 3628 impediri,
589 3564 650 3627 quo
672 3544 776 3609 minus
797 3545 867 3628 ipse
889 3543 931 3609 ad
953 3543 1168 3612 dimicandum
1189 3565 1321 3612 manum

251 3649 419 3715 chaberet
440 3645 631 3730 expeditam.
675 3647 752 3712 Erat
774 3667 844 3712 cnm
868 3667 905 3714 eo
927 3647 1204 3731 Mithrobarzanes,
1230 3669 1327 3716 socer
1449 3687 1450 3720 ι

286 3753 363 3832 eius,
385 3749 563 3834 praefectus
586 3748 735 3832 equitum.
777 3751 810 3816 Is
832 3750 1008 3835 desperatis
1028 3753 1138 3836 generi
1159 3752 1255 3819 rebus
1276 3753 1325 3818 ad
