2934 4192
427 201 490 255 XV.
508 199 783 253 EPAMINONDAS.
804 203 829 252 4.
849 204 871 254 5.
893 202 917 253 ti.
1146 187 1185 248 bl

152 369 344 438 noluissem'
375 374 479 453 Aquo
503 393 573 436 curn
597 372 780 453 quaesisset,
805 391 865 452 quo
889 391 922 436 se
945 371 1058 436 deduci
1082 375 1223 453 velletr>

154 484 184 542 et
207 479 258 542 ille
281 476 424 541 Athenas
451 475 593 555 dixisset,
623 474 815 558 praesidium
843 474 939 556 dedit,
970 482 1004 540 01
1031 481 1097 541 1010
1119 497 1186 560 per·-

153 581 283 644 veniret.
315 581 426 662 Neque
437 599 520 646 ,vero
541 579 575 642 id
597 579 673 644 00110
693 579 812 658 hahuit,
836 578 1017 657 sedetiam,
1041 587 1075 644 ut
1090 581 1187 644 invio-

152 685 233 750 latus
256 685 288 748 111
311 703 426 748 navem
454 681 648 763 escenderet,
678 703 734 766 per
758 683 926 748 Chabriam
949 682 1185 763 Atheniensem,

153 787 192 851 de
215 808 276 870 quo
298 807 393 870 supra
415 787 607 852 mentionem
634 786 777 866 fecimus,
805 786 918 850 effecit.
965 786 1186 852 Abstinentiae
1205 807 1222 854 0

152 890 292 956 01111100
315 890 391 956 satis
414 889 594 955 testimonii.
641 889 779 953 Plurima
802 888 929 970 quidem
956 888 1096 972 proferre
1119 910 1186 973 pos-

152 1013 269 1074 sumus,
294 993 349 1058 sed
373 992 484 1058 modus
499 992 699 1057 adhibendus
715 999 772 1071 est,
796 992 943 1074 quoniam
968 992 1186 1058 000110000-

151 1097 268 1160 lumine
280 1097 378 1161 vitam
393 1096 613 1161 excellentium
627 1096 763 1160 virorum
780 1097 984 1178 complurium
1001 1095 1185 1160 concludere

153 1200 380 1281 constituimus,
424 1219 553 1281 quorum
584 1199 765 1263 memoriam
797 1201 965 1282 separatim
995 1200 1102 1264 multis
1132 1202 1186 1264 mi·

150 1303 232 1367 libus
255 1323 402 1368 versuum
425 1303 599 1385 complures
622 1303 788 1386 scriptores
811 1310 885 1366 ante
904 1322 962 1368 nos
978 1303 1184 1387 explicarunt.

254 1405 327 1470 Fuit
361 1405 455 1470 etiam
490 1405 633 1486 disertus,
668 1412 703 1469 ut
736 1425 828 1470 nemo
863 1406 892 1470 ei
925 1405 1096 1470 Thebanus
1128 1423 1222 1490 pars

151 1516 233 1574 esset
264 1509 455 1591 eloquentia,
490 1528 593 1590 neque
622 1509 727 1574 minus
762 1509 934 1574 concinnus
967 1509 1000 1572 in
1032 1509 1185 1575 brevitate

149 1611 361 1695 respondendi
383 1633 477 1694 quam
500 1612 533 1677 in
556 1618 709 1696 perpetua
732 1613 873 1677 oratione
894 1619 1031 1677 ornatus.
1067 1613 1185 1677 Habuit
1203 1633 1219 1679 a

149 1716 390 1780 obtrectatorem
419 1716 626 1780 Meneclidem
657 1714 815 1798 quendam
845 1722 877 1780 et
906 1714 1121 1780 adversarium
1150 1716 1184 1779 in

149 1817 403 1884 administranda
424 1839 459 1884 re
485 1819 623 1903 publiea,
653 1819 730 1884 satis
757 1819 962 1883 exercitatum
984 1818 1018 1882 in
1040 1818 1183 1900 dicendo,

149 1930 184 1986 ut
198 1923 386 1988 Thebanum
408 1923 540 1987 scilicet:
564 1942 701 2004 namque
720 1921 766 1985 illi
781 1921 869 2005 genti
889 1923 960 2005 plus
974 1922 1056 1986 inest
1074 1922 1184 1986 virium

151 2046 244 2106 quam
267 2026 395 2110 ingenii.
431 2027 473 2106 Is,
497 2025 581 2107 quod
602 2026 636 2089 in
658 2045 693 2090 re
716 2025 842 2088 militari
864 2024 975 2089 florere
996 2025 1219 2108 Epaminon-3

151 2131 222 2194 dam
246 2130 385 2210 videbat,
416 2129 533 2194 hortari
559 2130 681 2194 solebat
704 2129 883 2209 Thebanos
913 2138 948 2194 ut
969 2149 1080 2212 pacem
1105 2130 1184 2194 bello

149 2233 356 2313 anteferrent,
394 2253 435 2297 ne
469 2232 551 2297 illius
584 2233 781 2316 imperatoris
815 2251 911 2316 opera
945 2232 1182 2298 desideraretur.

149 2337 230 2401 Huic
252 2337 304 2400 ille
327 2329 446 2401 ‘Fallis’
469 2337 572 2418 inquit
594 2330 713 2420 ι001110,
738 2356 799 2418 quo
820 2335 877 2400 hos
896 2356 916 2399 a
936 2336 1018 2400 bello
1040 2356 1183 2401 revocas:

150 2441 203 2504 otii
227 2440 310 2505 enim
335 2439 461 2503 nomine
484 2440 666 2503 servitutem
688 2439 845 2504 concilias.
877 2440 960 2502 Nam
979 2439 1098 2522 paritur
1119 2460 1183 2523 pax
1202 2466 1219 2512 4

150 2543 240 2607 bello.
287 2545 408 2623 Itaque,
440 2543 493 2624 qui
521 2562 560 2607 ea
582 2542 704 2606 diutina
725 2542 835 2606 volunt
861 2541 932 2622 frui,
963 2542 1045 2605 b'ello
1068 2543 1183 2605 exerei-

150 2646 207 2710 tati
238 2665 307 2711 esse
339 2645 464 2710 debent.
516 2645 620 2720 Quare
655 2645 681 2710 si
715 2645 875 2728 principes
905 2644 1057 2710 Graeciae
1090 2645 1184 2709 vultis

150 2768 229 2830 esse,
261 2749 372 2814 eastris
402 2759 451 2813 est
477 2748 569 2814 vohis
596 2747 757 2829 utendum,
787 2768 850 2813 uon
872 2738 1052 2831 palaestra'
1095 2746 1218 2821 Idem5

149 2851 201 2917 ille
234 2852 425 2918 Meneclides
459 2872 530 2918 cum
563 2853 637 2917 11010
670 2853 817 2933 obiceret,
856 2851 939 2934 quod
972 2852 1087 2917 liberos
1121 2875 1184 2919 non

150 2954 281 3020 haberet
310 2976 413 3038 neque
443 2977 570 3021 uxorem
599 2956 752 3037 duxisset,
783 2960 983 3036 maximeque
1012 2955 1094 3038 quod
1124 2958 1184 3024 sibi

150 3059 396 3141 Agamemnonis
418 3061 550 3143 gloriam
572 3059 732 3124 videretur
754 3066 949 3138 consecutus,
972 3052 1035 3124 ‘At'
1048 3061 1100 3124 ille
1122 3053 1185 3126 ‘de-

150 3158 228 3227 sine’
250 3162 353 3243 inquit
376 3155 564 3228 ‘Meneclida
587 3162 627 3226 de
649 3183 747 3228 uxore
769 3163 846 3227 mihi
866 3163 1079 3255 exprobrare:
1110 3185 1182 3228 0001

149 3265 264 3330 0011100
287 3265 320 3328 10
343 3265 404 3331 1010
427 3286 461 3330 10
483 3266 586 3332 minus
609 3272 680 3330 utar
703 3265 842 3331 consiliu.
889 3264 980 3342 Quod
1005 3272 1111 3331 autem
1133 3288 1218 3344 1006

149 3368 420 3451 Agamemnonem
454 3370 605 3434 aemulari
639 3376 746 3454 putas,
780 3369 907 3434 falleris.
956 3371 1101 3451 Namque
1131 3369 1184 3433 ille

150 3491 220 3535 cum
250 3472 399 3538 universa
421 3473 554 3539 Graecia
582 3473 637 3537 vix
667 3472 777 3538 decem
799 3473 892 3537 annis
913 3493 1010 3538 unam
1033 3473 1116 3557 cepit
1137 3493 1184 3538 ur·

148 3575 236 3656 bem,
271 3595 331 3659 ego
363 3583 471 3641 contra
500 3596 565 3640 una
594 3578 671 3642 urbe
705 3583 811 3641 nostra
844 3575 958 3657 dieque
991 3597 1053 3642 uno
1087 3583 1184 3640 totam
1237 3599 1337 3642 011001.

149 3677 314 3743 Graeciam
336 3679 596 3745 Lacedaemoniis
618 3680 736 3765 fugatis
758 3675 910 3744 liberavi'.
944 3679 1034 3745 Idem
1057 3700 1128 3744 cum
1150 3680 1182 3744 in
1202 3704 1219 3755 c

149 3789 338 3847 conventum
361 3783 501 3849 venisset
516 3782 684 3865 Arcadum,
707 3790 829 3868 petens,
853 3789 887 3847 ut
910 3782 1090 3849 societatem
1113 3801 1182 3846 0001
