2890 4196
449 756 506 830 EX
530 757 655 831 LIBRO
679 755 874 832 CORNELII
898 759 1070 836 luroris

131 949 133 954 ¹
211 1073 212 1078 ψ
322 941 416 1101 nu
448 943 1198 1098 rn'rrursursronrers

658 1167 864 1177 —u—-——-——v·-

211 1347 225 1398 t
347 1336 465 1400 XXIV.
489 1336 530 1398 M.
541 1336 638 1416 Orno,
655 1342 740 1400 ortus
755 1336 926 1419 municipio
937 1338 1082 1418 Tusculo,
1099 1336 1279 1402 adulescen-

246 1436 337 1516 tulus,
369 1439 550 1520 priusquam
577 1438 748 1503 honoribus
775 1458 903 1521 operam
930 1439 1028 1518 daret,
1061 1433 1203 1504 versatus
1232 1445 1279 1504 est

246 1541 276 1603 in
294 1540 429 1621 Sabinis,
454 1540 537 1622 quod
560 1541 604 1606 ibi
625 1539 789 1605 heredium
812 1562 832 1605 a
854 1548 943 1624 patre
966 1542 1107 1607 relictum
1129 1542 1277 1607 habebat.

245 1643 324 1707 Inde
346 1642 470 1707 hortatu
485 1645 520 1707 L.
533 1643 652 1708 Valerii
675 1644 790 1724 Flacci,
813 1650 848 1708 ut
870 1645 910 1708 Μ.
928 1646 1095 1729 Perpenna
1119 1646 1278 1710 censorius

245 1767 372 1810 narrare
395 1747 503 1810 solitus
527 1753 584 1827 est,
611 1747 743 1811 Romam
766 1746 957 1831 demigravit
986 1745 1034 1811 in'
1050 1748 1178 1830 foroque
1209 1767 1279 1813 esse

211 1868 226 1914 a
246 1850 356 1933 coepit.
381 1850 520 1913 Primum
534 1848 724 1932 stipendium
736 1851 849 1914 meruit
860 1871 1013 1915 annorum
1026 1851 1136 1916 decem
1147 1857 1277 1934 septem.

91 1937 193 2017 arnon.
247 1951 283 2028 Q.
308 1953 408 2017 Fabio
431 1953 470 2015 Μ.
497 1952 626 2018 Claudio
654 1953 834 2017 consulibus
858 1954 1000 2018 tribunus
1023 1955 1156 2018 militum
1178 1955 1211 2018 in
1234 1952 1278 2018 Si·

129 2081 168 2118 an
248 2056 318 2118 cilia
340 2054 407 2118 fuit.
441 2055 532 2146 'Inde
554 2062 589 2119 ut
611 2054 713 2135 rediit,
743 2062 845 2121 castra
873 2063 999 2121 secutus
1026 2063 1073 2121 est
1096 2058 1130 2123 C.
1156 2055 1278 2123 Claudii

248 2158 381 2222 Neronis
407 2159 577 2242 magnique
608 2179 704 2241 opera
732 2159 799 2223 eius
830 2161 997 2224 aestimata
1025 2167 1072 2225 est
1098 2162 1131 2224 in
1161 2159 1278 2244 proelio

128 2287 167 2324 aot
247 2261 330 2344 apud
353 2263 479 2343 Senam,
508 2282 569 2344 quo
598 2261 710 2326 cecidit
737 2263 925 2344 Hasdrubal,
957 2263 1054 2328 frater
1079 2263 1276 2328 Hannibalis.

131 2390 169 2428 cor
213 2363 402 2440 3Quaestor
428 2364 542 2450 obtigit
568 2365 603 2428 P.
627 2364 775 2431 Africano
806 2368 935 2448 consuli,
969 2388 1101 2449 quocum
1130 2387 1193 2431 non
1222 2386 1279 2449 pro

248 2468 338 2532 sortis
360 2468 593 2533 necessitudine
620 2469 715 2552 vixit3
744 2490 880 2551 namque
906 2472 947 2535 ab
977 2491 1013 2534 eo
1040 2476 1192 2554 perpetua
1218 2467 1279 2532 dis·

133 2596 170 2634 roa
213 2571 345 2637 usensit
378 2571 452 2636 vita.
498 2572 619 2638 Aedilis
651 2572 736 2656 plebi
771 2572 873 2638 factus
907 2579 955 2638 est
988 2593 1058 2636 cum
1089 2573 1122 2639 Ο.
1154 2572 1276 2638 Helvio.

131 2699 170 2738 ros
248 2675 376 2739 Praetor
398 2676 592 2758 provinciam
615 2676 750 2741 obtinuit
773 2676 960 2757 Sardiniam,
985 2696 1025 2740 ex
1049 2697 1110 2759 qua
1134 2682 1279 2758 quaestor

249 2777 407 2860 superiore
429 2786 569 2862 tempore
592 2799 632 2843 ex
647 2779 756 2842 Africa
779 2779 936 2844 decedens
952 2779 988 2855 Q.
1002 2781 1139 2843 Ennium
1153 2785 1277 2863 poetam

249 2880 437 2965 deduxerat3
469 2882 552 2964 quod
578 2902 641 2946 non
667 2882 797 2947 minoris
823 2883 1025 2948 aestimamus
1053 2902 1147 2965 quam
1175 2902 1279 2964 quem·

134 3007 171 3046 195
214 2984 328 3049 alibet
349 2984 575 3067 amplissimum
585 2984 834 3050 ‘Sardiniensem
851 2986 1049 3069 triumphum.
1075 2986 1278 3051 Consulatum

249 3087 347 3170 gessit
369 3108 439 3152 cum
462 3089 497 3152 L.
514 3089 638 3153 Valerio
661 3089 784 3154 Flacco.
830 3091 919 3155 Sorte
946 3090 1140 3172 provinciam
1167 3096 1279 3154 nactus

215 3211 231 3257 a
250 3191 435 3274 Hispaniam
460 3191 634 3256 citeriorem
657 3213 698 3257 ex
722 3211 759 3256 ea
782 3192 973 3275 triumphum
1001 3192 1184 3276 deportavit.
1230 3193 1279 3257 Ibi

131 3315 173 3356 ur
250 3316 320 3360 cum
335 3294 451 3360 diutius
467 3304 647 3375 moraretur,
670 3297 704 3359 P.
722 3296 826 3378 Scipio
839 3294 1016 3375 Africanus,
1034 3297 1140 3360 consul
1156 3297 1278 3374 iterum,
1390 3283 1397 3294 ⁴

249 3398 336 3462 ouius
358 3398 391 3462 in
413 3399 515 3480 priore
539 3398 700 3462 consulatu
722 3404 868 3478 quaestor
890 3398 1000 3478 fuerat,
1025 3399 1123 3463 voluit
1145 3419 1216 3463 eum
1238 3396 1280 3462 de

249 3499 411 3583 provincia
433 3500 600 3583 depellere,
623 3507 657 3563 ut
680 3486 748 3582 ipse
771 3501 800 3564 ei
816 3500 1007 3581 succederet,
1031 3521 1133 3582 neque
1148 3501 1207 3565 hoc
1222 3521 1281 3584 per

251 3609 394 3667 senatum
417 3603 541 3667 efficere
563 3603 672 3686 potuit,
701 3622 771 3666 cum
795 3603 919 3685 quidem
942 3603 1047 3687 Scipio
1069 3599 1279 3688 principatum

251 3707 283 3769 in
311 3706 437 3771 civitate
463 3706 628 3785 obtineret,
660 3705 743 3787 quod
770 3713 834 3770 tum
862 3725 926 3771 non
953 3708 1102 3790 potentia,
1133 3707 1188 3772 sed
1211 3707 1281 3772 iure

251 3829 300 3873 res
326 3809 451 3892 publica
477 3809 765 3874 administrabatur.
812 3809 881 3885 Qua
904 3829 944 3874 ex
968 3831 1002 3875 re
1024 3811 1121 3876 iratus
1143 3812 1280 3894 senatui,
