2890 4196
281 194 341 259 106
572 213 662 267 XXV.
681 211 853 268 ATTICUS.
874 215 1022 269 12.13.14.

277 385 425 451 absentes
441 404 535 467 quam
551 390 735 468 praesentes
750 385 868 450 amicos
884 385 988 450 Attico
1004 405 1074 450 esse
1090 405 1182 451 curae
1207 387 1311 470 cogni-

276 494 343 553 tum
367 495 424 554 est.

223 603 259 658 13
267 603 311 691 f
379 593 492 675 Neque
514 597 589 658 vero
611 593 664 657 ille
686 591 790 658 minus
809 592 912 658 bonus
927 599 1018 676 pater
1032 593 1167 659 familias
1183 594 1310 659 habitus

259 631 324 762 Ast
352 715 446 779 quam
474 696 562 762 civis.
608 698 691 762 Nam
715 717 785 762 cunr
809 703 893 762 esset
915 697 1112 781 pecuniosus,
1142 717 1234 762 nemo
1256 697 1309 763 illo

275 799 379 865 minus
401 799 462 864 fuit
484 820 588 880 emax,
613 819 704 864 nemo
728 800 831 864 minus
853 799 1043 865 aedificator.
1067 801 1179 882 Neque
1203 808 1309 865 tamen

275 923 338 968 non
360 902 394 967 in
416 904 528 988 primis
550 903 632 969 bene
653 902 811 967 habitavit
834 903 1042 985 omnibusque
1065 905 1192 987 optimis
1214 905 1310 970 rebus

240 1021 350 1072 ausus
377 1013 433 1072 est.
479 1007 564 1072 Nam
590 1005 717 1071 domum
744 1005 855 1071 habuit
881 1006 914 1071 in
943 1007 1020 1071 colle
1043 1004 1197 1082 Quirinali
1219 1007 1310 1072 Tam-

273 1110 457 1193 philianam,
480 1112 521 1176 ab
541 1110 697 1175 avunculo
720 1109 896 1175 hereditate
918 1109 1073 1193 relictam;
1099 1109 1186 1174 cuius
1208 1129 1309 1175 amoe-

273 1213 357 1278 nitas
387 1233 450 1278 non
480 1211 635 1296 aedificio,
667 1212 723 1278 sed
754 1213 834 1279 silva
864 1215 1036 1278 constabat.
1083 1215 1191 1297 Ipsum
1224 1213 1308 1278 enim

273 1322 391 1380 tectum
417 1316 590 1399 antiquitus
617 1317 818 1382 constitutum
846 1317 917 1400 plus
944 1316 1019 1382 salis
1046 1337 1141 1399 quam
1167 1323 1309 1400 sumptus

273 1418 425 1503 habebat;
450 1420 483 1483 in
506 1439 567 1502 quo
590 1419 669 1483 nihil
692 1420 905 1500 commutarit,
928 1419 989 1484 nisi
1013 1419 1039 1483 si
1061 1417 1136 1501 qnid
1151 1425 1309 1485 vetustate

238 1529 401 1590 aeoactus
432 1529 487 1588 est.
533 1523 618 1588 Usus
652 1529 699 1587 est
727 1521 857 1602 familia,
888 1522 915 1586 si
941 1521 1075 1586 utilitate
1105 1520 1306 1586 iudicandum

274 1630 331 1706 est,
354 1627 488 1710 optima3
510 1626 538 1692 si
560 1626 670 1706 forma,
694 1626 750 1691 vix
766 1624 923 1690 mediocri.
955 1625 1101 1706 Namque
1116 1625 1149 1689 in
1165 1645 1204 1689 ea
1219 1631 1309 1690 erant

273 1729 362 1812 pueri
378 1729 605 1810 litteratissimi,
630 1736 824 1813 anagnostae
846 1728 956 1812 optimi
980 1735 1011 1792 et
1030 1728 1156 1812 plurimi
1178 1728 1307 1811 librarii,

273 1837 307 1895 ut
329 1851 370 1897 ne
392 1832 582 1917 pedisequus
605 1831 731 1914 quidem
748 1832 913 1914 quisquam
929 1837 1021 1912 esset,
1045 1831 1176 1914 quinon
1193 1838 1309 1896 utrum-

273 1954 334 2017 que
366 1934 478 2000 horum
511 1934 640 2020 pulchre
668 1936 773 2000 facere
803 1940 924 2019 nosset;
954 1934 1023 2018 pari
1053 1933 1145 1999 modo
1171 1934 1308 2000 artifices

274 2037 378 2119 ceteri,
407 2057 484 2120 quos
511 2039 612 2104 cultus
639 2037 829 2102 domesticus
857 2037 1026 2119 desiderat,
1058 2038 1200 2121 apprime
1221 2038 1305 2103 boni.

238 2141 386 2223 4Neque
408 2148 514 2206 tamen
537 2141 648 2206 horum
672 2161 862 2224 quemquam
885 2141 946 2206 nisi
969 2140 1053 2206 domi
1076 2149 1184 2205 natum
1211 2140 1307 2206 domi·

274 2264 334 2326 que
361 2243 480 2309 lactum
507 2244 632 2330 habuit;
662 2244 745 2327 quod
773 2251 821 2311 est
848 2245 974 2329 signum
1001 2264 1064 2308 non
1088 2246 1188 2310 solum
1211 2245 1305 2310 conti·

273 2347 409 2430 nentiae,
440 2347 496 2413 sed
527 2349 622 2414 etiam
653 2348 845 2432 diligentiae.
890 2348 973 2413 Nam
1001 2354 1036 2413 ut
1062 2368 1126 2413 non
1155 2349 1306 2432 intempe-

272 2457 378 2516 ranter
401 2452 630 2535 concupiscere,
662 2451 745 2534 quod
768 2472 788 2516 a
809 2451 951 2535 plurimis
974 2449 1093 2532 videas,
1117 2451 1306 2517 continentis

274 2553 369 2620 debet
391 2554 473 2636 duci,
498 2557 542 2620 ita
563 2556 668 2639 potius
690 2555 846 2620 industria
869 2575 963 2636 quam
985 2554 1085 2639 pretio
1107 2574 1219 2638 parare
1241 2573 1305 2620 non

239 2673 255 2720 o
273 2656 439 2723 mediocris
457 2665 505 2724 est
520 2658 711 2743 diligentiae.
735 2658 883 2741 Elegans,
907 2678 970 2722 non
985 2657 1181 2741 magnificus,
1205 2659 1306 2742 splen-

273 2759 374 2842 didus,
405 2782 468 2827 non
491 2769 690 2846 sumptuosus
719 2768 786 2826 crat
815 2760 963 2843 omnique
994 2759 1157 2844 diligentia
1185 2760 1307 2826 mundi-

272 2864 358 2945 tiam,
382 2885 444 2929 non
467 2864 662 2929 affluentiam
685 2863 863 2929 affectabat.
887 2863 1038 2947 Supellex
1061 2861 1192 2945 modica,
1215 2871 1250 2929 ut
1271 2865 1305 2929 in

237 2982 253 3030 o
272 2973 414 3032 neutram
437 2975 560 3051 partem
582 2967 722 3051 conspici
742 2974 858 3050 posset.
897 2967 966 3031 Nec
987 2965 1176 3049 praeteribo,
1200 2987 1306 3048 quam-

271 3071 321 3136 vis
342 3072 500 3137 nonnullis
521 3072 593 3137 leve
608 3072 710 3136 visum
725 3071 763 3134 iri
779 3076 897 3155 putem,
921 3089 991 3135 cum
1013 3070 1047 3134 in
1068 3069 1179 3153 primis
1200 3071 1306 3138 lautus

272 3180 356 3242 esset
382 3195 478 3258 eques
505 3177 666 3240 Romanus
694 3180 725 3239 et
751 3194 815 3238 non
842 3192 953 3257 parum
980 3172 1150 3237 liberaliter
1176 3172 1305 3239 domum

271 3300 361 3346 suam
388 3278 526 3344 omnium
554 3277 699 3344 ordinum
726 3277 870 3343 homines
891 3275 1051 3356 invitaret,
1083 3295 1144 3340 non
1169 3277 1305 3360 amplius

271 3405 366 3468 quam
388 3391 477 3448 terna
500 3382 587 3447 milia
609 3401 767 3466 peraeque
789 3382 821 3445 in
845 3380 984 3463 singulos
1007 3399 1132 3445 menses
1156 3399 1196 3445 ex
1212 3381 1306 3465 ephe-

236 3487 389 3554 rrneridc
412 3506 482 3552 eum
506 3505 682 3570 expensum
705 3485 841 3569 sumptui
864 3483 946 3549 ferre
969 3483 1101 3548 solitum.
1125 3483 1230 3567 Atque
1244 3483 1306 3552 hoc

270 3613 334 3658 non
363 3590 515 3671 auditum,
547 3590 603 3654 sed
633 3588 793 3672 cognitum
822 3586 1055 3672 praedicamus;
1089 3606 1185 3672 saepe
1218 3587 1304 3653 eninr

218 3705 252 3758 14
271 3702 397 3780 propter
407 3693 651 3758 familiaritatem
668 3690 847 3756 domesticis
861 3690 955 3757 rebus
970 3689 1176 3756 interfuimus.
1200 3691 1305 3758 Nemo

268 3800 300 3863 in
325 3797 468 3864 convivio
492 3796 559 3862 eius
580 3793 667 3860 aliud
689 3815 834 3860 acroama
849 3794 970 3860 audivit
986 3813 1080 3877 quam
1095 3801 1304 3879 anagnosten,
