2934 4192
454 187 531 243 xrv.
550 188 743 244 ornamus.
762 193 786 245 c.
805 193 829 245 u.
1135 175 1177 244 tl

143 361 249 428 hostes
271 361 449 446 transfugit.
486 361 534 426 ld
555 363 708 429 Datames
730 370 765 428 ut
790 363 922 446 audivit,
953 365 1061 448 sensit,
1090 365 1119 431 si
1144 365 1179 432 in

142 466 266 530 turbam
295 465 414 532 exisset
439 465 480 530 ab
510 464 638 531 homine
668 473 733 530 tam
759 468 937 533 necessario
964 489 999 534 se
1025 468 1179 550 relictum,

3 644 16 652 Ι,
142 567 290 650 futurum,
314 574 349 634 ut
371 569 467 635 ceteri
490 569 558 635 eius
578 569 741 635 consilium
764 578 977 653 sequerentur.
1012 573 1124 654 Itaque
1145 572 1215 641 int

15 700 34 769 f·
141 671 255 756 uulgus
271 670 350 736 edit:
374 691 430 738 suo
445 671 533 738 iussu
548 672 831 738 Mithrobarzanem
846 674 1020 758 profectum
1034 694 1092 759 pro
1113 694 1180 758 per-

73 827 76 831 .
141 773 232 858 fuga,
267 795 328 858 quo
357 775 482 841 facilius
511 783 657 860 receptus
690 776 880 842 interficeret
913 777 1029 843 hostes.
1076 776 1180 854 Quare

118 874 276 962 'relinqui
307 899 378 944 eum
406 877 466 963 par
494 900 558 944 non
588 899 659 945 esse
689 886 721 946 et
750 899 860 945 omnes
887 880 1053 946 confestim
1080 881 1178 963 sequi.

143 979 236 1071 Quod
258 982 286 1048 si
307 982 413 1048 animo
437 987 564 1048 strenuo
586 981 746 1065 fecissent,
774 984 922 1065 futurum,
953 990 987 1048 ut
1008 982 1180 1049 adversarii

142 1106 205 1151 non
228 1092 358 1171 possent
376 1085 532 1166 resistere,
555 1105 627 1150 oum
642 1091 674 1150 et
693 1087 776 1150 intra
794 1087 911 1152 vallum
931 1093 963 1152 et
982 1086 1058 1152 foris
1073 1085 1181 1151 caede-

141 1194 258 1254 rentur.
303 1189 373 1254 Hac
398 1209 433 1254 re
458 1190 592 1274 probata
614 1189 789 1253 exercitum
816 1189 931 1270 educit,
959 1188 1213 1255 Mithrobarzas

68 1361 70 1364 ,
141 1312 215 1360 nem
236 1292 448 1377 persequitur;
470 1298 593 1357 tantum
616 1292 701 1375 quod
723 1293 776 1357 ille
796 1292 839 1356 ad
854 1292 960 1358 hostes
980 1299 1178 1377 pervenerat,

141 1396 293 1460 Datames
315 1396 408 1480 signa
434 1394 542 1460 inferri
568 1395 664 1460 iubet.
704 1394 836 1461 Pisidae
864 1416 947 1462 nova
973 1415 1008 1461 re
1035 1396 1214 1462 commotis

141 1499 175 1564 in
197 1497 378 1584 opinionem
399 1496 599 1564 adducuntur
620 1499 878 1584 perfugasmala
903 1497 967 1564 fide
993 1498 1117 1580 fecisse,
1147 1505 1182 1564 ut

142 1602 261 1686 recepti
294 1601 405 1667 maiori
439 1607 546 1668 essent
578 1601 760 1667 calamitati.
811 1604 924 1684 Itaque
958 1601 1094 1687 primum
1128 1621 1182 1668 eos

118 1704 335 1770 adoriuntur.
380 1704 433 1769 Illi
462 1725 548 1786 cum,
583 1704 659 1787 quid
688 1712 835 1789 ageretur
864 1711 921 1770 aut
951 1725 1048 1787 qnare
1080 1705 1179 1786 lieret,

109 1867 114 1874 .
142 1809 339 1893 ignorarent,
373 1807 473 1872 coacti
502 1813 576 1872 sunt
605 1813 637 1872 et
666 1827 737 1872 cum
765 1808 811 1873 eis
840 1827 997 1892 pugnare,
1031 1806 1074 1871 ad
1104 1827 1181 1889 quos

142 1910 342 1992 transierant,
366 1915 399 1975 et
416 1910 456 1976 iis
469 1910 626 1993 resistere,
650 1929 729 1993 quos
749 1911 957 1996 reliquerant;
980 1911 1181 1993 quibuscum

142 2013 247 2080 neutri
268 2009 443 2098 parcerent,
466 2013 609 2078 celeriter
630 2019 704 2079 sunt
726 2014 852 2080 concisi.
883 2013 1032 2097 Reliquos
1054 2012 1212 2078 Pisidasr

142 2117 325 2183 resistentes
341 2118 492 2182 Datames
513 2117 650 2201 invadit;
673 2117 774 2201 primo
796 2118 918 2201 impetu
938 2117 1037 2202 pellit,
1060 2117 1180 2200 fugien-

144 2227 192 2286 tes
220 2220 427 2304 persequitur,
459 2220 572 2285 multos
597 2221 755 2302 interficit,
788 2227 891 2286 castra
919 2220 1057 2286 hostium
1087 2220 1178 2304 capit.

143 2324 214 2389 Tali
236 2323 365 2390 consilio
387 2343 450 2388 uno
472 2329 613 2408 tempore
633 2329 665 2389 et
684 2323 859 2407 proditores
878 2323 1013 2409 perculit
1028 2329 1060 2389 et
1074 2323 1181 2388 hostes
1198 2339 1214 2386 s

144 2426 324 2512 profligavit
353 2431 395 2508 et,
425 2425 510 2509 quod
538 2425 580 2490 ad
609 2426 782 2510 perniciem
807 2426 912 2492 fuerat
938 2426 1119 2510 cogitatum,
1149 2425 1182 2490 id

144 2530 186 2596 ad
216 2530 349 2596 salutem
378 2549 469 2595 suam
498 2530 662 2594 convertit.
709 2528 779 2606 Quo
808 2549 912 2611 neque
941 2529 1063 2593 acutius
1090 2528 1183 2592 ullius

144 2634 346 2744 imperatoriq
380 2633 551 2718 cogitatum
589 2652 693 2715 neque
726 2632 858 2697 celerius
895 2631 1014 2696 factum
1050 2651 1182 2714 usquam

146 2737 288 2821 legimus.

248 2841 299 2906 Ab
329 2840 390 2905 hoc
414 2845 522 2904 tamen
548 2838 616 2904 viro
642 2838 773 2920 Sisines,
803 2836 962 2904 maximus
987 2844 1064 2903 natu
1090 2838 1215 2919 filiast

146 2942 260 3010 desciit
280 2942 324 3008 ad
344 2961 516 3027 regemque
542 2941 668 3009 nansia
694 2948 727 3007 et
749 2939 790 3006 de
813 2940 990 3008 defectione
1012 2941 1111 3025 patris
1133 2939 1186 3006 de·

146 3047 227 3112 tulit.
266 3044 336 3122 Quo
359 3045 470 3112 nuntio
492 3045 689 3111 Artaxerxes
712 3050 895 3126 commotus,
918 3043 1004 3128 quod
1024 3043 1186 3128 intellege

146 3152 203 3216 bat
229 3149 291 3217 sibi
317 3169 389 3216 cum
410 3149 478 3215 viro
504 3149 578 3215 forti
599 3168 638 3214 ac
665 3155 793 3214 strenuo
818 3149 980 3231 negotium
1011 3167 1091 3228 esse,
1123 3145 1185 3230 qui,

148 3253 232 3337 quod
260 3253 439 3339 cogitasset,
469 3252 575 3318 facere
601 3249 733 3317 auderet
759 3257 792 3318 et
817 3251 903 3337 prius
929 3251 1068 3337 cogitare
1091 3270 1186 3333 quam

149 3356 256 3424 conari
275 3363 466 3439 consuesset,
489 3354 760 3441 Autophrodatem
779 3355 814 3420 in
831 3354 1066 3440 Cappadociam
1080 3353 1185 3418 mittit.

149 3459 209 3526 Hic
223 3479 266 3526 ne
283 3460 401 3526 intrare
420 3466 536 3547 posset,
558 3460 682 3541 saltum,
704 3459 739 3524 in
760 3478 820 3541 quo
837 3458 967 3524 Ciliciae
986 3463 1094 3543 portae
1114 3463 1220 3528 sunta

149 3563 240 3646 siae,
270 3565 423 3650 Datames
452 3583 684 3648 praeoccupare
714 3561 842 3628 studuit.
888 3560 953 3629 Sed
985 3566 1050 3627 tam
1084 3559 1221 3631 subitos
1258 3634 1261 3642 ,

151 3666 259 3754 copias
285 3666 470 3733 contrahere
498 3685 562 3731 non
588 3665 699 3751 potuit.
744 3665 859 3749 Aqua
884 3684 919 3729 re
945 3663 1095 3749 depulsus
1118 3682 1188 3728 cum

151 3788 191 3837 ea
204 3790 310 3853 manu,
327 3790 422 3854 quam
437 3775 647 3852 contraxerat,
662 3770 766 3835 locum
782 3767 899 3853 delegit
914 3767 1072 3902 meulent
1085 3785 1188 3848 neque
