2890 4196
263 150 326 214 104
580 165 671 220 xxv.
691 165 862 222 nrurous.
882 170 922 222 ro.
937 171 976 222 n.

261 341 294 404 in
316 339 390 405 ludo
414 344 572 423 cognorat,
594 337 675 403 adeo
698 339 862 404 coniuncte
884 339 975 419 vixit,
997 345 1033 404 ut
1054 340 1095 405 ad
1119 346 1294 406 extremam

227 449 397 510 laetatem
420 441 560 506 amicitia
586 461 693 506 eorum
716 442 857 506 creverit.
903 442 1059 508 Antonius
1086 452 1201 525 autem,
1234 445 1294 510 etsi

261 553 349 610 tanto
378 543 450 610 odio
478 544 639 610 ferebatur
673 545 706 608 in
737 545 930 629 Ciceronem,
964 552 1000 610 ut
1028 567 1092 612 non
1123 549 1223 612 solum
1254 549 1294 628 ei,

261 649 319 714 sed
352 649 496 714 omnibus
532 649 599 713 eius
633 649 743 713 amicis
780 656 864 714 esset
900 649 1147 732 inimicissimus,
1186 658 1293 716 tamen

261 752 358 817 Attici
387 771 506 816 memor
534 750 595 815 fuit
623 751 719 816 officii
750 757 781 816 et
810 751 849 831 ei,
881 772 951 816 cum
977 753 1132 834 rescisset,
1163 753 1293 818 ubinam

262 861 354 936 esset,
385 875 442 920 sua
471 874 566 919 manu
596 854 731 938 scripsit,
765 874 807 919 ne
836 855 960 920 timeret
990 856 1158 939 statimque
1188 855 1230 920 acl
1259 875 1295 922 se

262 959 398 1025 veniret:
421 978 456 1023 se
479 977 550 1022 cum
574 963 605 1021 et
626 958 710 1022 illius
730 978 826 1022 eausa
846 959 968 1023 Canum
990 959 1030 1023 de
1052 958 1294 1043 proscriptorum

262 1081 391 1126 numero
408 1061 572 1125 exemisse.
607 1061 655 1125 Ac
676 1080 717 1125 nc
740 1059 823 1142 quod
839 1061 1010 1145 pericnlum
1024 1060 1187 1142 incideret,
1212 1062 1295 1143 quod

228 1172 357 1230 snoctu
379 1163 485 1244 fiebat,
507 1162 700 1247 praesidinm
723 1164 754 1227 ei
775 1163 874 1232 misit..
898 1164 950 1230 Sic
971 1164 1095 1229 Atticus
1116 1163 1150 1228 in
1173 1185 1296 1230 summo

262 1269 374 1332 timore
396 1286 459 1331 non
483 1267 583 1332 solum
605 1267 676 1348 sibi,
705 1266 761 1332 sed
789 1267 883 1332 etiam
911 1268 949 1348 ei,
978 1288 1071 1349 quem
1098 1268 1294 1334 canssimum

82 1457 90 1472 .
168 1404 171 1410 ¹
262 1371 409 1451 habebat,
440 1368 596 1453 praesidio
619 1369 687 1451 fuit,
715 1376 750 1434 nt
779 1376 947 1454 appareret
976 1371 1095 1435 nullam
1118 1372 1293 1436 seiunctam

229 1493 244 1540 c
264 1474 325 1541 sibi
346 1475 387 1539 ab
411 1494 448 1539 eo
470 1474 551 1538 velle
567 1473 734 1538 fortunam.
759 1472 851 1549 Quod
870 1473 897 1538 si
912 1474 1103 1558 gubernator
1124 1475 1297 1559 praecipua

262 1579 357 1643 laude
379 1579 515 1658 effertur,
544 1577 597 1661 qui
623 1597 738 1643 navem
766 1597 807 1641 ex
833 1577 939 1642 hieme
965 1578 1107 1659 marique
1130 1578 1295 1662 scopuloso

263 1682 411 1762 servavit,
443 1702 496 1746 eur
523 1702 586 1746 non
609 1681 777 1764 singularis
800 1681 867 1746 eius
898 1680 1094 1745 existimetur
1115 1680 1293 1764 prudentia,

264 1787 317 1868 qui
347 1807 388 1851 ex
415 1791 464 1850 tot
495 1792 622 1866 tamque
652 1785 803 1868 gravibus
833 1783 979 1868 procellis
1009 1782 1154 1849 civilibus
1182 1783 1225 1848 ad
1251 1785 1297 1848 in-

264 1890 476 1954 columitatem
499 1888 666 1970 pervenit?

212 2005 244 2055 11
366 1989 488 2066 Quibus
511 2010 552 2055 ex
575 1989 666 2054 malis
685 1985 724 2053 'ut
746 1990 881 2071 emersit,
904 1989 983 2054 nihil
1008 1989 1094 2054 aliud
1117 1990 1182 2073 egit
1202 2009 1297 2071 quam

264 2100 298 2157 ut
328 2113 422 2174 quarn
452 2093 602 2175 plurimis,
633 2093 747 2173 quibus
776 2094 872 2158 rebus
899 2098 1015 2177 posset,
1054 2099 1138 2158 esset
1167 2092 1295 2156 auxilio.

264 2197 343 2261 Cum
355 2196 543 2279 proscriptos
558 2194 706 2279 praemiis
721 2194 944 2279 imperatorum
959 2197 1073 2280 vulgus
1089 2197 1297 2278 conquireret,

263 2317 356 2363 nemo
374 2298 407 2361 in
423 2297 553 2381 Epimm
568 2297 665 2378 venit,
690 2298 740 2363 oui
760 2317 812 2364 res
834 2300 898 2363 ulla
920 2299 1066 2380 defuerit,
1091 2299 1210 2363 nemini
1232 2318 1297 2363 non

229 2419 245 2466 a
264 2402 308 2467 ibi
330 2408 485 2486 perpetuo¹
503 2401 653 2466 manendi
675 2408 814 2484 potestas
836 2402 922 2467 facta
938 2408 998 2467 est:
1024 2402 1098 2485 quin
1115 2402 1211 2466 etiam
1226 2408 1301 2485 post

264 2505 416 2589 proelium
438 2504 642 2589 Philippense
662 2505 887 2588 interitumque
910 2505 944 2570 O.
966 2504 1067 2570 Cassii
1091 2510 1122 2569 et
1144 2504 1184 2567 Μ.
1209 2505 1297 2568 Bruti

264 2610 299 2672 L.
322 2609 437 2672 Iulium
458 2608 614 2672 Mocillam
636 2608 826 2691 praetorium
849 2613 881 2672 et
907 2607 1005 2672 lilium
1033 2607 1099 2671 eius
1121 2607 1301 2689 Aulumque

264 2713 455 2793 Torquatum
489 2717 669 2793 ceterosque
702 2710 772 2795 pari
808 2709 932 2775 fortuna
969 2710 1127 2794 perculsos
1144 2693 1147 2701 ’
1164 2710 1301 2774 instituit

265 2815 345 2880 tueri
366 2821 461 2897 atque
484 2835 525 2879 ex
546 2813 643 2898 Epiro
666 2814 711 2879 eis
734 2815 840 2879 omnia
854 2814 1103 2880 Samothraciam
1122 2814 1298 2898 supportari

230 2917 364 2989 aiussit.
402 2917 541 2982 Difficile
564 2923 612 2981 est
635 2917 741 2982 omnia
763 2917 910 3000 persequi
933 2922 965 2981 et
987 2937 1050 2981 non
1073 2917 1297 2980 necessarium.

264 3019 346 3085 Illud
368 3040 465 3085 unum
488 3021 628 3103 intellegi
656 3020 809 3101 volumus,
836 3019 920 3085 illius
946 3019 1167 3085 liberalitatem
1194 3038 1300 3102 neque

231 3148 248 3195 4
266 3124 486 3206 temporariam
509 3143 612 3205 neque
635 3124 781 3188 callidam
803 3122 910 3189 fuisse.
934 3122 972 3187 Id
996 3142 1037 3187 ex
1059 3123 1137 3206 ipsis
1151 3124 1246 3188 rebus
1260 3143 1303 3188 ao

265 3227 456 3310 temporibus
478 3227 609 3291 iudicari
631 3233 743 3311 potest,
774 3226 856 3308 qnod
879 3246 942 3292 non
964 3225 1148 3290 florentibus
1170 3244 1204 3290 sc
1226 3245 1303 3290 ven-

265 3329 389 3410 ditavit,
402 3330 458 3394 sed
468 3329 595 3395 afflictis
607 3350 730 3413 semper
742 3331 906 3413 succurrit;
924 3330 977 3412 qui
990 3328 1115 3410 quidem
1124 3328 1301 3408 Serviliam,

264 3433 353 3498 Bruti
380 3439 521 3512 matrem,
549 3453 613 3498 non
640 3434 744 3498 minus
778 3440 851 3517 post
876 3439 1009 3497 mortem
1035 3431 1092 3496 filii
1123 3451 1217 3513 quam
1247 3429 1302 3496 flo-

231 3542 355 3607 srente
383 3555 419 3600 eo
452 3536 588 3601 coluerit.
634 3536 687 3602 Sic
715 3535 904 3601 liberalitate
931 3542 1024 3599 utens
1045 3535 1148 3598 nullas
1170 3533 1303 3598 inimici-

266 3638 327 3704 tias
353 3639 461 3723 gessit,
492 3638 575 3722 qnod
601 3658 705 3721 neque
735 3637 882 3704 laedebat
908 3657 1098 3721 quemquam
1125 3630 1250 3720 neque,
1274 3638 1302 3702 si

266 3763 361 3827 quam
391 3742 536 3808 iniuriam
566 3749 744 3827 acceperat,
777 3763 840 3808 non
870 3742 1009 3808 malebat
1035 3741 1179 3807 oblivisci
1206 3761 1303 3823 qnam
