2890 4196
330 213 422 268 XVII.
441 211 664 268 AGESILAUS.
683 217 706 269 8.
735 212 842 267 XVIII.
861 211 1039 276 EUMENES.
1060 217 1082 267 1.
1180 196 1221 260 69

191 385 250 450 His
278 386 500 468 quaerentibus
527 385 710 469 Agesilaum
740 385 796 450 vix
826 383 905 450 fides
935 384 1020 448 facta
1049 391 1097 450 est
1126 405 1222 449 unum

191 507 260 554 esse
283 507 324 552 ex
348 488 403 570 eis,
427 488 480 570 qui
502 495 569 552 tum
591 487 798 552 accubabant.
831 487 979 563 Quicum
1001 487 1085 569 regis
1108 487 1221 568 verbis,
1240 506 1259 552 4

192 611 272 674 quae
294 592 474 672 attulerant,
498 590 669 670 dedissent,
692 591 744 674 ille
766 597 891 674 praeter
913 590 1077 654 vitulinam
1099 596 1130 654 et
1146 591 1223 655 eius·
1326 591 1328 600 '

192 695 276 760 modi
300 714 418 778 genera
441 694 573 777 opsonii,
598 714 679 776 quae
701 713 852 777 praesens
875 699 998 777 tempus
1014 693 1223 774 desiderabat,

190 798 268 862 nihil
296 797 433 881 accepit;
466 803 638 880 unguenta,
667 817 797 862 coronas
825 795 1059 878 secundamque
1081 816 1223 861 mensam

191 895 291 965 servis
323 899 488 984 dispertiit,
520 906 626 964 cetera
654 899 764 964 referri
794 899 893 964 iussit.
940 899 1009 975 Quo
1038 900 1122 964 facto
1152 906 1258 964 cumb

192 1004 318 1068 barbari
340 1004 443 1086 magis
464 1003 559 1068 etiam
574 1009 838 1086 contempserunt,
863 1003 946 1085 quod
962 1023 1033 1068 cum
1048 1003 1225 1087 ignorantia

193 1109 345 1172 bonarum
368 1127 471 1170 rerum
494 1107 570 1170 vilia
584 1107 781 1189 potissimum
797 1106 968 1190 sumpsisse
982 1106 1222 1170 arbitrabantur.

294 1211 343 1272 Ex
378 1211 527 1293 Aegypto
561 1229 633 1273 cum
665 1215 883 1290 reverteretur,
922 1208 1056 1274 donatus
1093 1229 1113 1273 a
1149 1215 1258 1291 regali

191 1311 409 1378 Nectenebide
440 1311 585 1377 ducentis
611 1311 725 1396 viginti
752 1313 888 1392 talentis,
918 1332 998 1394 quae
1024 1312 1077 1376 ille
1103 1311 1225 1376 muneri

191 1417 305 1500 populo
333 1435 389 1480 suo
418 1414 521 1494 daret,
553 1415 755 1496 venissetque
781 1415 815 1479 in
841 1421 978 1498 portum,
1010 1415 1064 1496 qui
1090 1415 1225 1478 Menelai

192 1525 330 1599 vocatur,
359 1519 392 1581 in
415 1518 559 1581 morbum
581 1517 750 1600 implicitus
773 1517 917 1582 decessit.
955 1517 1004 1582 lbi
1027 1536 1099 1582 eum
1121 1517 1223 1598 amici,
1244 1524 1258 1570 7
1277 1532 1371 1574 mss-ch

191 1643 252 1704 quo
283 1621 428 1704 Spartam
460 1620 583 1685 facilius
613 1620 752 1703 perferre
781 1626 920 1704 possent,
955 1617 1038 1701 quod
1070 1620 1133 1683 mel
1161 1639 1225 1684 non

192 1725 362 1805 habebant,
391 1743 463 1788 cera
491 1721 757 1787 circumfuderunt
785 1729 880 1804 atque
907 1721 952 1786 ita
979 1721 1106 1786 domum
1133 1727 1225 1786 rettu-

191 1829 303 1892 lerunt.
528 1899 530 1906 ,

294 1931 426 2004 xvru„
452 1929 603 1994 suasca
633 1929 816 1994 caraunus.
848 1914 949 1993 Huius
976 1928 1035 1992 vni
1064 1927 1172 1991 uatus
1200 1928 1259 1992 sir

124 2062 125 2065 ¹
193 2055 251 2118 par·
280 2033 355 2097 data
383 2039 466 2096 esset
493 2031 631 2112 fortuna,
668 2052 732 2107 non
758 2031 825 2096 ille.
839 2029 970 2113 quidem·
995 2031 1107 2112 maior,
1143 2030 1226 2112 quod

192 2156 325 2220 magnos
347 2136 490 2200 homines
511 2134 627 2199 virtute
642 2136 797 2215 metimur,
821 2155 885 2199 non
900 2134 1034 2216 fortuna,
1058 2132 1115 2198 sed
1129 2134 1226 2198 multo

194 2239 343 2304 illustrior
364 2245 459 2320 atque
483 2240 577 2302 etiam
601 2238 781 2302 honoratior
803 2245 895 2303 esset.
935 2239 1021 2302 Nam·
1044 2257 1115 2302 cum
1138 2242 1259 2300 actosa

193 2344 260 2407 eius
288 2341 451 2406 incidisset
476 2341 510 2405 in
534 2361 573 2405 ea
599 2348 749 2425 tempora,
781 2341 894 2423 quibus
921 2340 1111 2405 Macedones
1139 2339 1225 2403 flore-

193 2447 280 2526 bant,
303 2446 436 2510 multum
459 2445 488 2509 ei
511 2443 650 2508 detraxit
671 2445 753 2508 inter
776 2463 829 2509 eos
851 2444 981 2524 viventi,
1006 2443 1088 2524 quod
1103 2442 1226 2506 alienae

186 2556 262 2614 ‘erat
278 2548 429 2631 civitatis;
453 2567 556 2629 neque
579 2547 665 2612 aliud
682 2548 710 2611 ei
727 2546 827 2611 defuit
843 2567 936 2627 quam
953 2565 1107 2628 generosa
1121 2544 1224 2629 stirps.

193 2652 262 2716 Etsi
290 2653 374 2715 enim
402 2650 572 2714 domestico
600 2670 720 2716 summo
747 2668 863 2732 genere
892 2655 968 2728 erat,
998 2654 1103 2712 tamen
1127 2648 1260 2712 Mace-3

196 2755 294 2820 dones
325 2774 396 2818 eum
426 2753 487 2817 sibi
520 2752 690 2834 aliquando
724 2752 875 2835 anteponi
907 2750 1039 2834 indigne
1072 2751 1225 2833 ferebant,

195 2877 299 2939 neque
333 2864 439 2921 tamen
473 2876 537 2921 non
570 2855 784 2940 patiebantur3
819 2856 968 2920 vincebat
1002 2847 1228 2919 enimomnes

197 2981 280 3041 cura,
304 2960 479 3044 vigilantia,
503 2959 667 3043 patientia,
691 2958 861 3024 calliditate
877 2966 908 3023 et
924 2959 1082 3022 celeritate
1097 2957 1226 3040 ingenii.

299 3063 612 3128 Peraduleseentulus
645 3060 687 3126 ad
719 3062 890 3126 amicitiam
919 3061 1051 3126 accessit
1078 3061 1379 3143 Philippicarum

197 3167 358 3248 Amyntae
381 3165 446 3246 filii,
470 3166 621 3247 brevique
644 3173 784 3249 tempore
806 3165 840 3228 in
862 3165 1005 3229 intimam
1024 3163 1169 3248 pervenit
1184 3162 1227 3226 fa-

197 3268 418 3333 miliam’tatem.
457 3269 614 3352 Fulgebat
638 3269 721 3333 enim
743 3269 807 3332 iam
829 3267 862 3331 in
885 3267 1120 3333 adulescentulo
1141 3264 1227 3329 indo-

198 3372 244 3436 les
265 3372 399 3436 virtutis.
432 3373 543 3454 Itaque
566 3393 637 3436 eum
660 3372 770 3436 habuit
792 3371 833 3435 ad
855 3392 983 3436 manum
1001 3359 1127 3436 ¹scribae
1149 3371 1226 3449 loco,
1246 3387 1261 3435 5

199 3475 282 3557 quod
304 3475 402 3539 multo
425 3475 510 3558 apud
527 3475 663 3540 Graecos
681 3463 946 3540 honorificentius
958 3482 1006 3539 est
1029 3495 1121 3556 quam
1143 3473 1227 3558 apud

198 3579 366 3643 Romanos.
412 3580 559 3660 Namque
588 3578 673 3663 apud
703 3599 770 3662 nos,
801 3579 881 3644 sicut
912 3585 993 3659 sunt,
1023 3578 1228 3642 mercennarii

200 3681 322 3745 scribae
345 3681 577 3765 existimantur3
606 3689 639 3745 at
660 3679 746 3765 apud
767 3681 837 3747 illos
859 3702 951 3747 nemo
973 3681 1015 3746 ad
1036 3681 1070 3745 id
1092 3682 1228 3746 officium

200 3782 376 3848 admittitur
398 3783 460 3848 nisi
482 3782 613 3848 honesto
635 3785 712 3865 loco,
737 3793 767 3849 et
788 3784 852 3849 fide
872 3792 903 3850 et
918 3785 1071 3851 industria
1094 3785 1229 3869 cognita,
