2934 4192
536 181 585 235 lx.
604 180 729 236 CONON.
750 185 772 237 l.
785 185 810 236 2.
823 185 847 236 3.
1167 166 1209 228 33

276 356 334 420 IX.
359 355 467 422 Concu
489 354 694 420 Atheniensis
716 355 945 438 Peloponnesio
973 354 1055 420 bello
1077 357 1243 421 accessitl

173 458 215 524 ad
235 459 487 544 rempublicam,
510 459 544 524 in
567 478 667 540 eoque
690 457 757 523 eius
779 477 875 541 opera
896 458 1005 542 magni
1027 457 1095 523 fuit.
1126 460 1210 523 Nam

174 569 207 628 et
232 568 358 646 praetor
383 560 582 645 pedestribus
606 561 798 626 exercitibus
820 560 956 644 praefuit
978 566 1010 626 et
1031 560 1210 646 praefectus

174 664 283 730 classis
309 683 443 747 magnas
464 683 516 728 res
538 664 618 729 mari
639 664 746 748 gessit.
785 662 872 740 Quas
895 664 935 728 ob
959 683 1071 730 causas
1092 666 1210 749 praeci-

173 787 254 850 puus
278 767 307 832 ei
329 767 429 831 honos
445 765 571 831 habitus
594 773 650 832 est.
680 767 827 848 Namque
842 765 988 832 omnibus
1002 787 1084 832 unus
1098 768 1210 834 insulis

174 870 326 954 praefuit:
357 871 391 935 in
414 890 476 952 qua
497 876 654 954 potestate
676 870 796 934 Pheras
819 870 912 953 cepit,
940 870 1093 934 coloniam
1114 871 1209 937 Laee-

174 973 418 1038 daemoniorum.
470 973 544 1037 Fuit
574 972 667 1037 etiam
697 979 839 1038 extremo
869 973 1097 1057 Peloponnesio
1126 974 1242 1040 bellos

174 1083 307 1161 praetor,
332 1096 402 1140 cum
425 1074 509 1159 apud
529 1077 635 1159 Aegos
656 1075 774 1140 flumen
798 1076 907 1159 copiae
926 1075 1168 1142 Atheniensium
1189 1097 1231 1142 a.

174 1179 339 1263 Lysandro
358 1185 432 1246 sunt
451 1178 604 1244 devictae.
636 1178 701 1246 Sed
722 1184 789 1243 tum
811 1178 901 1260 afuit,
925 1199 1024 1262 eoque
1046 1180 1137 1264 peius
1158 1201 1210 1248 res

173 1283 393 1348 administrata
416 1289 480 1347 est:
514 1302 589 1346 nam
618 1289 650 1347 et
678 1281 817 1365 prudens
847 1282 893 1348 rei
919 1283 1062 1349 militaris
1089 1290 1121 1348 et
1143 1284 1210 1349 dili-

173 1407 253 1470 gens
272 1393 340 1451 erat
357 1387 537 1469 imperator.
568 1386 679 1467 Itaque
701 1386 821 1451 nemini
843 1394 911 1452 erat
932 1387 994 1452 illis
1017 1388 1209 1471 temporibus
1228 1411 1243 1457 3

172 1490 314 1570 dubium,
338 1489 423 1572 quin,
448 1489 474 1554 si
496 1489 647 1568 affuisset,
671 1489 757 1554 illam
772 1489 984 1555 Athenienses
1000 1490 1210 1555 calamitatem

172 1594 332 1677 accepturi
348 1613 411 1658 non
432 1593 556 1657 fuerint.
587 1594 694 1658 Rebus
713 1599 818 1658 autem
834 1592 971 1674 afflictis,
988 1613 1060 1659 oum
1075 1595 1208 1678 patriam
1226 1610 1244 1662 2

173 1697 311 1762 obsideri
340 1694 491 1775 audisset,
522 1716 585 1761 non
616 1696 782 1778 quaesivit,
812 1697 868 1762 ubi
894 1696 963 1780 ipse
989 1702 1055 1761 tuto
1078 1697 1207 1780 viveret,

174 1798 231 1864 sed
252 1797 338 1863 unde
359 1797 516 1882 praesidio
539 1804 646 1881 posset
669 1818 738 1864 esse
761 1798 883 1864 civibus
906 1799 981 1864 suis.
1011 1799 1123 1881 Itaque
1139 1821 1208 1866 eon-

174 1902 246 1967 tulit
267 1922 301 1967 se
323 1900 366 1966 ad
387 1901 637 1982 Pharnabazum,
660 1900 820 1985 Phrygiae
835 1911 994 1986 satrapam
1010 1902 1208 1986 eundemque

172 2024 324 2089 generum
346 2005 430 2088 regis
458 2010 489 2069 et
519 2005 746 2088 propinquum;
776 2003 862 2088 apud
892 2024 986 2087 quem
1015 2012 1050 2070 ut
1076 2007 1207 2072 multum

172 2109 276 2192 gratia
304 2108 433 2188 valeret,
464 2108 561 2172 multo
591 2107 697 2172 labore
727 2108 896 2190 multisque
924 2108 1029 2174 effecit
1050 2110 1206 2194 periculis.

173 2213 256 2276 Nam
278 2231 349 2276 cum
368 2210 612 2276 Lacedaemonii
630 2210 879 2277 Atheniensibus
902 2210 1035 2278 devictis
1057 2214 1090 2278 in
1113 2215 1241 2282 socie-o

173 2322 238 2380 tate
253 2335 317 2379 non
337 2320 512 2394 manerent,
536 2333 630 2395 quam
654 2333 724 2378 cum
740 2314 836 2379 Dario
857 2334 933 2398 rege
955 2315 1105 2397 fecerant,
1128 2319 1208 2402 Age-

172 2418 347 2499 silaumque
369 2418 520 2482 bellatum
542 2417 702 2482 misissent
724 2417 757 2481 in
779 2417 898 2498 Asiam,
921 2419 1060 2484 maxime
1081 2420 1208 2504 impulsi

173 2520 429 2604 aTissapheme,
453 2521 507 2602 qui
530 2539 571 2584 ex
595 2520 714 2584 intimis
736 2521 820 2604 regis
842 2522 883 2586 ab
906 2521 1045 2585 amicitia
1068 2523 1134 2587 eius
1157 2523 1208 2590 de·

80 2639 83 2647 '
173 2624 292 2688 fecerat
313 2629 345 2689 et
367 2644 438 2689 cum
460 2623 721 2689 Lacedaemoniis
743 2623 861 2688 coierat
883 2623 1075 2706 societatem,
1098 2625 1207 2692 adver-

173 2748 226 2794 sus
249 2727 333 2793 hunc
354 2727 578 2793 Pharnabazus
600 2727 729 2792 habitus
751 2733 800 2793 est
821 2729 1000 2812 imperator,
1023 2748 1057 2793 re
1081 2729 1207 2812 quidem

173 2851 249 2896 vera
279 2830 429 2896 exercitui
459 2830 596 2915 praefuit
626 2831 753 2910 Conon,
785 2831 914 2912 eiusque
944 2830 1050 2896 omnia
1078 2833 1206 2899 arbitrio

172 2942 264 3018 gesta
285 2940 367 2998 sunt.
409 2936 457 2999 Ac
479 2935 611 3000 multum
633 2934 817 3017 Agesilaum
840 2933 952 2998 ducem
974 2954 1131 3000 summum
1152 2937 1240 3012 im-3

172 3037 295 3122 pedivit
315 3056 474 3120 saepeque
497 3038 564 3102 eius
587 3037 725 3102 consiliis
752 3037 889 3102 obstitit:
921 3057 1024 3119 neque
1046 3058 1121 3104 vero
1143 3060 1207 3106 non

172 3141 232 3206 fuit
253 3146 407 3224 apertum,
430 3141 456 3206 si
479 3141 532 3206 ille
555 3161 618 3207 non
636 3140 759 3221 fuisset,
781 3141 964 3225 Agesilaum
979 3141 1089 3206 Asiam
1104 3143 1207 3208 Tauro

171 3251 264 3309 tenus
275 3243 344 3327 regi
355 3243 453 3308 fuisse
465 3250 652 3327 erepturum.
682 3243 743 3320 Qui
755 3250 959 3327 posteaquam
973 3244 1099 3310 domum
1110 3266 1130 3309 a
1141 3245 1206 3311 suis
1223 3269 1240 3316 4

171 3347 293 3412 civibus
308 3353 473 3412 revocatus
489 3353 545 3428 est,
562 3347 645 3429 quod
656 3347 766 3411 Boeoti
782 3353 814 3412 et
825 3346 1035 3413 Athenienses
1050 3348 1206 3414 Lacedae-

109 3503 112 3510 .
171 3451 284 3516 moniis
305 3451 423 3516 bellum
445 3449 635 3530 indixerant,
668 3451 777 3516 Conon
792 3450 890 3515 nihilo
905 3452 1002 3516 setius
1018 3451 1104 3536 apud
1118 3474 1205 3537 prae·

171 3553 270 3620 fectos
292 3553 377 3637 regis
399 3554 585 3619 versabatur
608 3554 716 3636 eisque
738 3554 885 3619 omnibus
905 3575 1020 3638 magno
1042 3561 1108 3620 erat
1124 3557 1203 3622 usui.

273 3656 442 3722 Defecerat
463 3677 484 3721 a
504 3677 580 3741 rege
595 3655 834 3741 Tissaphernes,
857 3677 960 3739 neque
979 3657 1013 3722 id
1032 3664 1097 3724 tam
1116 3661 1240 3729 Arta-3

171 3760 263 3824 xerxi
286 3779 380 3841 quam
407 3759 520 3825 ceteris
549 3766 616 3825 erat
638 3765 791 3844 apertum.
837 3761 942 3825 Multis
965 3761 1049 3826 enim
1072 3762 1205 3844 magnis·

222 3869 477 3920 Corneliusllepos.
500 3869 539 3910 Ed.
550 3869 574 3911 A.
585 3869 691 3910 Weidner.
1034 3867 1050 3914 3

1347 3893 1465 4170 Δ
