<?xml version="1.0" encoding="UTF-8"?>
<!DOCTYPE html PUBLIC "-//W3C//DTD XHTML 1.0 Transitional//EN"
    "http://www.w3.org/TR/xhtml1/DTD/xhtml1-transitional.dtd">
<html xmlns="http://www.w3.org/1999/xhtml" xml:lang="en" lang="en">
 <head>
  <title>
</title>
<meta http-equiv="Content-Type" content="text/html;charset=utf-8" />
  <meta name='ocr-system' content='tesseract 3.04.00' />
  <meta name='ocr-capabilities' content='ocr_page ocr_carea ocr_par ocr_line ocrx_word'/>
</head>
<body>
  <div class='ocr_page' id='page_1' title='image "./vitae00nepogoog_0035.png"; bbox 0 0 2934 4192; ppageno 0'>
   <div class='ocr_carea' id='block_1_1' title="bbox 427 202 1167 275">
    <p class='ocr_par' dir='ltr' id='par_1_1' title="bbox 427 202 1167 275">
     <span class='ocr_line' id='line_1_1' title="bbox 427 202 1167 275; baseline 0.001 -3"><span class='ocrx_word' id='word_1_1' title='bbox 427 217 465 272; x_wconf 92' lang='lat'>11.</span> <span class='ocrx_word' id='word_1_2' title='bbox 484 216 766 274; x_wconf 80' lang='lat' dir='ltr'>rnnmsuccnus</span> <span class='ocrx_word' id='word_1_3' title='bbox 786 220 811 275; x_wconf 83' lang='lat' dir='ltr'>s.</span> <span class='ocrx_word' id='word_1_4' title='bbox 824 221 848 273; x_wconf 89' lang='lat' dir='ltr'>r.</span> <span class='ocrx_word' id='word_1_5' title='bbox 861 219 885 274; x_wconf 88' lang='lat' dir='ltr'>a</span> <span class='ocrx_word' id='word_1_6' title='bbox 1130 202 1167 264; x_wconf 87' lang='lat'>11</span> 
     </span>
    </p>
   </div>
   <div class='ocr_carea' id='block_1_2' title="bbox 138 390 1209 1927">
    <p class='ocr_par' dir='ltr' id='par_1_2' title="bbox 138 390 1209 1927">
     <span class='ocr_line' id='line_1_2' title="bbox 138 390 1172 475; baseline 0 -21"><span class='ocrx_word' id='word_1_7' title='bbox 138 395 235 474; x_wconf 89' lang='lat' dir='ltr'>atque</span> <span class='ocrx_word' id='word_1_8' title='bbox 256 390 356 473; x_wconf 93' lang='lat' dir='ltr'>liberi,</span> <span class='ocrx_word' id='word_1_9' title='bbox 380 411 458 475; x_wconf 87' lang='lat' dir='ltr'>opus</span> <span class='ocrx_word' id='word_1_10' title='bbox 479 390 621 457; x_wconf 86' lang='lat' dir='ltr'>facerent</span> <span class='ocrx_word' id='word_1_11' title='bbox 635 411 738 474; x_wconf 91' lang='lat' dir='ltr'>neque</span> <span class='ocrx_word' id='word_1_12' title='bbox 753 391 808 456; x_wconf 86' lang='lat' dir='ltr'>ulli</span> <span class='ocrx_word' id='word_1_13' title='bbox 822 390 890 457; x_wconf 90' lang='lat' dir='ltr'>loco</span> <span class='ocrx_word' id='word_1_14' title='bbox 905 395 1081 474; x_wconf 76' lang='lat' dir='ltr'>parcerent,</span> <span class='ocrx_word' id='word_1_15' title='bbox 1104 390 1172 455; x_wconf 89' lang='lat' dir='ltr'>sive</span> 
     </span>
     <span class='ocr_line' id='line_1_3' title="bbox 139 492 1172 580; baseline 0 -22"><span class='ocrx_word' id='word_1_16' title='bbox 139 514 230 560; x_wconf 86' lang='lat' dir='ltr'>sacer</span> <span class='ocrx_word' id='word_1_17' title='bbox 259 495 326 560; x_wconf 85' lang='lat' dir='ltr'>sive</span> <span class='ocrx_word' id='word_1_18' title='bbox 355 495 520 579; x_wconf 84' lang='lat' dir='ltr'>profanus,</span> <span class='ocrx_word' id='word_1_19' title='bbox 550 495 618 562; x_wconf 81' lang='lat' dir='ltr'>sire</span> <span class='ocrx_word' id='word_1_20' title='bbox 647 497 790 580; x_wconf 90' lang='lat' dir='ltr'>privatus</span> <span class='ocrx_word' id='word_1_21' title='bbox 819 500 903 560; x_wconf 89' lang='lat' dir='ltr'>esset</span> <span class='ocrx_word' id='word_1_22' title='bbox 929 494 996 560; x_wconf 92' lang='lat' dir='ltr'>sive</span> <span class='ocrx_word' id='word_1_23' title='bbox 1017 492 1172 578; x_wconf 86' lang='lat' dir='ltr'>publicus,</span> 
     </span>
     <span class='ocr_line' id='line_1_4' title="bbox 139 596 1174 682; baseline -0.001 -20"><span class='ocrx_word' id='word_1_24' title='bbox 139 597 197 668; x_wconf 89' lang='lat' dir='ltr'>sed</span> <span class='ocrx_word' id='word_1_25' title='bbox 211 596 360 681; x_wconf 93' lang='lat' dir='ltr'>undique,</span> <span class='ocrx_word' id='word_1_26' title='bbox 384 599 467 681; x_wconf 91' lang='lat' dir='ltr'>quod</span> <span class='ocrx_word' id='word_1_27' title='bbox 481 598 630 665; x_wconf 90' lang='lat' dir='ltr'>idoneum</span> <span class='ocrx_word' id='word_1_28' title='bbox 644 598 686 665; x_wconf 91' lang='lat' dir='ltr'>ad</span> <span class='ocrx_word' id='word_1_29' title='bbox 704 597 910 664; x_wconf 92' lang='lat' dir='ltr'>muniendum</span> <span class='ocrx_word' id='word_1_30' title='bbox 923 601 1080 682; x_wconf 90' lang='lat' dir='ltr'>putarent,</span> <span class='ocrx_word' id='word_1_31' title='bbox 1105 617 1174 662; x_wconf 90' lang='lat' dir='ltr'>con·</span> 
     </span>
     <span class='ocr_line' id='line_1_5' title="bbox 138 700 1174 785; baseline -0.004 -17"><span class='ocrx_word' id='word_1_32' title='bbox 138 709 294 785; x_wconf 84' lang='lat' dir='ltr'>gererent.</span> <span class='ocrx_word' id='word_1_33' title='bbox 340 700 409 778; x_wconf 79' lang='lat' dir='ltr'>Quo</span> <span class='ocrx_word' id='word_1_34' title='bbox 432 702 551 769; x_wconf 85' lang='lat' dir='ltr'>factum</span> <span class='ocrx_word' id='word_1_35' title='bbox 574 709 631 785; x_wconf 90' lang='lat' dir='ltr'>est,</span> <span class='ocrx_word' id='word_1_36' title='bbox 654 709 690 768; x_wconf 89' lang='lat' dir='ltr'>ut</span> <span class='ocrx_word' id='word_1_37' title='bbox 711 702 953 768; x_wconf 85' lang='lat' dir='ltr'>Atheniensium</span> <span class='ocrx_word' id='word_1_38' title='bbox 975 700 1056 765; x_wconf 88' lang='lat' dir='ltr'>muri</span> <span class='ocrx_word' id='word_1_39' title='bbox 1079 700 1174 766; x_wconf 90' lang='lat' dir='ltr'>etiam</span> 
     </span>
     <span class='ocr_line' id='line_1_6' title="bbox 139 802 1207 893; baseline 0 -24"><span class='ocrx_word' id='word_1_40' title='bbox 139 825 182 869; x_wconf 86' lang='lat' dir='ltr'>ex</span> <span class='ocrx_word' id='word_1_41' title='bbox 204 806 327 872; x_wconf 77' lang='lat' dir='ltr'>sacellis</span> <span class='ocrx_word' id='word_1_42' title='bbox 348 807 561 893; x_wconf 82' lang='lat' dir='ltr'>sepulcrisque</span> <span class='ocrx_word' id='word_1_43' title='bbox 584 814 772 873; x_wconf 88' lang='lat' dir='ltr'>constarent.</span> <span class='ocrx_word' id='word_1_44' title='bbox 806 804 1034 872; x_wconf 85' lang='lat' dir='ltr'>Themistocles</span> <span class='ocrx_word' id='word_1_45' title='bbox 1055 802 1207 886; x_wconf 74' lang='lat' dir='ltr'>autern,l</span> 
     </span>
     <span class='ocr_line' id='line_1_7' title="bbox 139 908 1176 993; baseline -0.002 -20"><span class='ocrx_word' id='word_1_46' title='bbox 139 915 175 973; x_wconf 93' lang='lat' dir='ltr'>ut</span> <span class='ocrx_word' id='word_1_47' title='bbox 196 909 467 976; x_wconf 80' lang='lat' dir='ltr'>Lacedaemonem</span> <span class='ocrx_word' id='word_1_48' title='bbox 489 912 587 992; x_wconf 91' lang='lat' dir='ltr'>venit,</span> <span class='ocrx_word' id='word_1_49' title='bbox 614 911 702 977; x_wconf 90' lang='lat' dir='ltr'>adire</span> <span class='ocrx_word' id='word_1_50' title='bbox 728 910 771 976; x_wconf 93' lang='lat' dir='ltr'>ad</span> <span class='ocrx_word' id='word_1_51' title='bbox 796 910 999 993; x_wconf 84' lang='lat' dir='ltr'>magistratus</span> <span class='ocrx_word' id='word_1_52' title='bbox 1021 908 1122 973; x_wconf 92' lang='lat' dir='ltr'>noluit</span> <span class='ocrx_word' id='word_1_53' title='bbox 1144 915 1176 972; x_wconf 91' lang='lat' dir='ltr'>et</span> 
     </span>
     <span class='ocr_line' id='line_1_8' title="bbox 139 1011 1175 1099; baseline -0.002 -23"><span class='ocrx_word' id='word_1_54' title='bbox 139 1011 230 1077; x_wconf 86' lang='lat' dir='ltr'>dedit</span> <span class='ocrx_word' id='word_1_55' title='bbox 244 1033 381 1098; x_wconf 91' lang='lat' dir='ltr'>operam,</span> <span class='ocrx_word' id='word_1_56' title='bbox 396 1020 432 1080; x_wconf 90' lang='lat' dir='ltr'>ut</span> <span class='ocrx_word' id='word_1_57' title='bbox 447 1035 541 1098; x_wconf 89' lang='lat' dir='ltr'>quam</span> <span class='ocrx_word' id='word_1_58' title='bbox 556 1015 739 1099; x_wconf 88' lang='lat' dir='ltr'>longissime</span> <span class='ocrx_word' id='word_1_59' title='bbox 753 1021 878 1098; x_wconf 88' lang='lat' dir='ltr'>tempus</span> <span class='ocrx_word' id='word_1_60' title='bbox 894 1012 1031 1092; x_wconf 85' lang='lat' dir='ltr'>duceret,</span> <span class='ocrx_word' id='word_1_61' title='bbox 1049 1031 1175 1077; x_wconf 91' lang='lat' dir='ltr'>causam</span> 
     </span>
     <span class='ocr_line' id='line_1_9' title="bbox 139 1113 1209 1202; baseline -0.002 -22"><span class='ocrx_word' id='word_1_62' title='bbox 139 1117 344 1201; x_wconf 88' lang='lat' dir='ltr'>interponens</span> <span class='ocrx_word' id='word_1_63' title='bbox 371 1138 407 1184; x_wconf 89' lang='lat' dir='ltr'>sc</span> <span class='ocrx_word' id='word_1_64' title='bbox 432 1119 568 1202; x_wconf 86' lang='lat' dir='ltr'>collegas</span> <span class='ocrx_word' id='word_1_65' title='bbox 591 1125 785 1202; x_wconf 86' lang='lat' dir='ltr'>exspectare.</span> <span class='ocrx_word' id='word_1_66' title='bbox 832 1116 911 1182; x_wconf 82' lang='lat' dir='ltr'>Cum</span> <span class='ocrx_word' id='word_1_67' title='bbox 933 1113 1209 1180; x_wconf 76' lang='lat' dir='ltr'>Lacedaemonii2</span> 
     </span>
     <span class='ocr_line' id='line_1_10' title="bbox 140 1219 1176 1307; baseline -0.002 -23"><span class='ocrx_word' id='word_1_68' title='bbox 140 1227 345 1302; x_wconf 85' lang='lat' dir='ltr'>quererentur</span> <span class='ocrx_word' id='word_1_69' title='bbox 363 1241 442 1307; x_wconf 89' lang='lat' dir='ltr'>opus</span> <span class='ocrx_word' id='word_1_70' title='bbox 460 1220 559 1287; x_wconf 88' lang='lat' dir='ltr'>nihilo</span> <span class='ocrx_word' id='word_1_71' title='bbox 582 1222 687 1287; x_wconf 88' lang='lat' dir='ltr'>minus</span> <span class='ocrx_word' id='word_1_72' title='bbox 707 1221 776 1286; x_wconf 88' lang='lat' dir='ltr'>fieri</span> <span class='ocrx_word' id='word_1_73' title='bbox 799 1238 933 1302; x_wconf 89' lang='lat' dir='ltr'>eumque</span> <span class='ocrx_word' id='word_1_74' title='bbox 955 1219 989 1284; x_wconf 93' lang='lat' dir='ltr'>in</span> <span class='ocrx_word' id='word_1_75' title='bbox 1012 1239 1050 1284; x_wconf 90' lang='lat' dir='ltr'>ea</span> <span class='ocrx_word' id='word_1_76' title='bbox 1072 1239 1106 1283; x_wconf 91' lang='lat' dir='ltr'>re</span> <span class='ocrx_word' id='word_1_77' title='bbox 1128 1238 1176 1283; x_wconf 92' lang='lat' dir='ltr'>co·</span> 
     </span>
     <span class='ocr_line' id='line_1_11' title="bbox 140 1321 1177 1408; baseline -0.003 -20"><span class='ocrx_word' id='word_1_78' title='bbox 140 1324 211 1388; x_wconf 89' lang='lat' dir='ltr'>nari</span> <span class='ocrx_word' id='word_1_79' title='bbox 233 1323 351 1404; x_wconf 88' lang='lat' dir='ltr'>fallere,</span> <span class='ocrx_word' id='word_1_80' title='bbox 375 1323 501 1389; x_wconf 89' lang='lat' dir='ltr'>interim</span> <span class='ocrx_word' id='word_1_81' title='bbox 523 1325 635 1406; x_wconf 88' lang='lat' dir='ltr'>reliqui</span> <span class='ocrx_word' id='word_1_82' title='bbox 657 1323 755 1408; x_wconf 88' lang='lat' dir='ltr'>legati</span> <span class='ocrx_word' id='word_1_83' title='bbox 777 1329 851 1389; x_wconf 89' lang='lat' dir='ltr'>sunt</span> <span class='ocrx_word' id='word_1_84' title='bbox 874 1321 1041 1388; x_wconf 87' lang='lat' dir='ltr'>consecuti.</span> <span class='ocrx_word' id='word_1_85' title='bbox 1068 1321 1177 1404; x_wconf 93' lang='lat' dir='ltr'>Aqui-</span> 
     </span>
     <span class='ocr_line' id='line_1_12' title="bbox 141 1425 1177 1510; baseline 0 -20"><span class='ocrx_word' id='word_1_86' title='bbox 141 1428 200 1491; x_wconf 92' lang='lat' dir='ltr'>bus</span> <span class='ocrx_word' id='word_1_87' title='bbox 224 1446 294 1490; x_wconf 92' lang='lat' dir='ltr'>cum</span> <span class='ocrx_word' id='word_1_88' title='bbox 316 1426 456 1492; x_wconf 88' lang='lat' dir='ltr'>audisset</span> <span class='ocrx_word' id='word_1_89' title='bbox 477 1448 542 1492; x_wconf 91' lang='lat' dir='ltr'>nou</span> <span class='ocrx_word' id='word_1_90' title='bbox 565 1429 697 1492; x_wconf 92' lang='lat' dir='ltr'>multum</span> <span class='ocrx_word' id='word_1_91' title='bbox 725 1445 889 1510; x_wconf 87' lang='lat' dir='ltr'>superesse</span> <span class='ocrx_word' id='word_1_92' title='bbox 916 1425 1108 1507; x_wconf 90' lang='lat' dir='ltr'>munitionis,</span> <span class='ocrx_word' id='word_1_93' title='bbox 1135 1425 1177 1490; x_wconf 90' lang='lat' dir='ltr'>ad</span> 
     </span>
     <span class='ocr_line' id='line_1_13' title="bbox 141 1530 1177 1616; baseline -0.004 -20"><span class='ocrx_word' id='word_1_94' title='bbox 141 1530 275 1616; x_wconf 90' lang='lat' dir='ltr'>ephoros</span> <span class='ocrx_word' id='word_1_95' title='bbox 294 1530 616 1597; x_wconf 87' lang='lat' dir='ltr'>Lacedaemoniorum</span> <span class='ocrx_word' id='word_1_96' title='bbox 635 1531 778 1612; x_wconf 89' lang='lat' dir='ltr'>accessit,</span> <span class='ocrx_word' id='word_1_97' title='bbox 801 1550 900 1615; x_wconf 90' lang='lat' dir='ltr'>penes</span> <span class='ocrx_word' id='word_1_98' title='bbox 923 1549 1000 1612; x_wconf 90' lang='lat' dir='ltr'>quos</span> <span class='ocrx_word' id='word_1_99' title='bbox 1022 1549 1177 1594; x_wconf 90' lang='lat' dir='ltr'>summum</span> 
     </span>
     <span class='ocr_line' id='line_1_14' title="bbox 141 1633 1177 1719; baseline -0.003 -19"><span class='ocrx_word' id='word_1_100' title='bbox 141 1639 210 1700; x_wconf 89' lang='lat' dir='ltr'>erat</span> <span class='ocrx_word' id='word_1_101' title='bbox 235 1633 412 1717; x_wconf 84' lang='lat' dir='ltr'>imperium,</span> <span class='ocrx_word' id='word_1_102' title='bbox 439 1642 534 1718; x_wconf 90' lang='lat' dir='ltr'>atque</span> <span class='ocrx_word' id='word_1_103' title='bbox 560 1634 646 1719; x_wconf 88' lang='lat' dir='ltr'>apud</span> <span class='ocrx_word' id='word_1_104' title='bbox 673 1655 727 1700; x_wconf 91' lang='lat' dir='ltr'>ecs</span> <span class='ocrx_word' id='word_1_105' title='bbox 750 1633 913 1700; x_wconf 88' lang='lat' dir='ltr'>contendit</span> <span class='ocrx_word' id='word_1_106' title='bbox 934 1634 1016 1700; x_wconf 87' lang='lat' dir='ltr'>falsa</span> <span class='ocrx_word' id='word_1_107' title='bbox 1039 1633 1084 1699; x_wconf 88' lang='lat' dir='ltr'>eis</span> <span class='ocrx_word' id='word_1_108' title='bbox 1108 1652 1177 1699; x_wconf 91' lang='lat' dir='ltr'>esse</span> 
     </span>
     <span class='ocr_line' id='line_1_15' title="bbox 141 1737 1177 1822; baseline 0.001 -20"><span class='ocrx_word' id='word_1_109' title='bbox 141 1738 264 1803; x_wconf 86' lang='lat' dir='ltr'>delata:</span> <span class='ocrx_word' id='word_1_110' title='bbox 288 1758 385 1820; x_wconf 87' lang='lat' dir='ltr'>quare</span> <span class='ocrx_word' id='word_1_111' title='bbox 411 1759 548 1822; x_wconf 89' lang='lat' dir='ltr'>aequum</span> <span class='ocrx_word' id='word_1_112' title='bbox 576 1759 646 1805; x_wconf 89' lang='lat' dir='ltr'>esse</span> <span class='ocrx_word' id='word_1_113' title='bbox 672 1739 743 1803; x_wconf 90' lang='lat' dir='ltr'>illos</span> <span class='ocrx_word' id='word_1_114' title='bbox 765 1738 849 1803; x_wconf 86' lang='lat' dir='ltr'>viros</span> <span class='ocrx_word' id='word_1_115' title='bbox 873 1737 972 1804; x_wconf 92' lang='lat' dir='ltr'>bonos</span> <span class='ocrx_word' id='word_1_116' title='bbox 994 1738 1177 1820; x_wconf 87' lang='lat' dir='ltr'>nobilesque</span> 
     </span>
     <span class='ocr_line' id='line_1_16' title="bbox 140 1840 1178 1927; baseline 0 -21"><span class='ocrx_word' id='word_1_117' title='bbox 140 1841 277 1921; x_wconf 88' lang='lat' dir='ltr'>mittere,</span> <span class='ocrx_word' id='word_1_118' title='bbox 301 1842 355 1925; x_wconf 92' lang='lat' dir='ltr'>qui</span> <span class='ocrx_word' id='word_1_119' title='bbox 377 1863 444 1907; x_wconf 91' lang='lat' dir='ltr'>rem</span> <span class='ocrx_word' id='word_1_120' title='bbox 467 1844 685 1927; x_wconf 80' lang='lat' dir='ltr'>explorarent3</span> <span class='ocrx_word' id='word_1_121' title='bbox 709 1843 829 1907; x_wconf 90' lang='lat' dir='ltr'>interea</span> <span class='ocrx_word' id='word_1_122' title='bbox 851 1861 886 1907; x_wconf 89' lang='lat' dir='ltr'>se</span> <span class='ocrx_word' id='word_1_123' title='bbox 908 1840 1051 1906; x_wconf 92' lang='lat' dir='ltr'>obsidem</span> <span class='ocrx_word' id='word_1_124' title='bbox 1065 1841 1178 1907; x_wconf 90' lang='lat' dir='ltr'>retine-</span> 
     </span>
    </p>
   </div>
   <div class='ocr_carea' id='block_1_3' title="bbox 140 1944 1309 2028">
    <p class='ocr_par' dir='ltr' id='par_1_3' title="bbox 140 1944 1309 2028">
     <span class='ocr_line' id='line_1_17' title="bbox 140 1944 1309 2028; baseline -0.004 -18"><span class='ocrx_word' id='word_1_125' title='bbox 140 1951 222 2010; x_wconf 89' lang='lat' dir='ltr'>rent.</span> <span class='ocrx_word' id='word_1_126' title='bbox 269 1944 383 2010; x_wconf 86' lang='lat' dir='ltr'>Gestus</span> <span class='ocrx_word' id='word_1_127' title='bbox 417 1951 467 2010; x_wconf 91' lang='lat' dir='ltr'>est</span> <span class='ocrx_word' id='word_1_128' title='bbox 496 1947 525 2011; x_wconf 94' lang='lat' dir='ltr'>ei</span> <span class='ocrx_word' id='word_1_129' title='bbox 556 1966 624 2012; x_wconf 91' lang='lat' dir='ltr'>mos</span> <span class='ocrx_word' id='word_1_130' title='bbox 656 1952 782 2028; x_wconf 87' lang='lat' dir='ltr'>tresque</span> <span class='ocrx_word' id='word_1_131' title='bbox 804 1945 902 2028; x_wconf 91' lang='lat' dir='ltr'>legati</span> <span class='ocrx_word' id='word_1_132' title='bbox 925 1944 1025 2008; x_wconf 82' lang='lat' dir='ltr'>functi</span> <span class='ocrx_word' id='word_1_133' title='bbox 1047 1945 1212 2010; x_wconf 84' lang='lat' dir='ltr'>summisa</span> <span class='ocrx_word' id='word_1_134' title='bbox 1306 2011 1309 2020; x_wconf 63' lang='grc'><em>,</em></span> 
     </span>
    </p>
   </div>
   <div class='ocr_carea' id='block_1_4' title="bbox 66 2047 1297 3889">
    <p class='ocr_par' dir='ltr' id='par_1_4' title="bbox 66 2047 1297 3686">
     <span class='ocr_line' id='line_1_18' title="bbox 140 2047 1179 2132; baseline 0.001 -19"><span class='ocrx_word' id='word_1_135' title='bbox 140 2047 314 2113; x_wconf 90' lang='lat' dir='ltr'>honoribus</span> <span class='ocrx_word' id='word_1_136' title='bbox 336 2047 480 2114; x_wconf 84' lang='lat' dir='ltr'>Athenas</span> <span class='ocrx_word' id='word_1_137' title='bbox 507 2049 595 2114; x_wconf 91' lang='lat' dir='ltr'>missi</span> <span class='ocrx_word' id='word_1_138' title='bbox 622 2055 703 2114; x_wconf 90' lang='lat' dir='ltr'>sunt.</span> <span class='ocrx_word' id='word_1_139' title='bbox 750 2049 830 2115; x_wconf 78' lang='lat' dir='ltr'>(lum</span> <span class='ocrx_word' id='word_1_140' title='bbox 860 2048 909 2114; x_wconf 94' lang='lat' dir='ltr'>his</span> <span class='ocrx_word' id='word_1_141' title='bbox 940 2048 1075 2132; x_wconf 88' lang='lat' dir='ltr'>collegas</span> <span class='ocrx_word' id='word_1_142' title='bbox 1106 2068 1179 2114; x_wconf 90' lang='lat' dir='ltr'>suos</span> 
     </span>
     <span class='ocr_line' id='line_1_19' title="bbox 140 2150 1179 2237; baseline 0 -21"><span class='ocrx_word' id='word_1_143' title='bbox 140 2151 370 2216; x_wconf 83' lang='lat' dir='ltr'>Themistocles</span> <span class='ocrx_word' id='word_1_144' title='bbox 388 2151 480 2217; x_wconf 88' lang='lat' dir='ltr'>iussit</span> <span class='ocrx_word' id='word_1_145' title='bbox 502 2152 657 2237; x_wconf 89' lang='lat' dir='ltr'>proficisci</span> <span class='ocrx_word' id='word_1_146' title='bbox 673 2153 781 2234; x_wconf 87' lang='lat' dir='ltr'>eisque</span> <span class='ocrx_word' id='word_1_147' title='bbox 796 2150 964 2237; x_wconf 84' lang='lat' dir='ltr'>praedixit,</span> <span class='ocrx_word' id='word_1_148' title='bbox 988 2157 1023 2216; x_wconf 93' lang='lat' dir='ltr'>ut</span> <span class='ocrx_word' id='word_1_149' title='bbox 1037 2172 1078 2216; x_wconf 91' lang='lat' dir='ltr'>ne</span> <span class='ocrx_word' id='word_1_150' title='bbox 1093 2153 1179 2236; x_wconf 88' lang='lat' dir='ltr'>prius</span> 
     </span>
     <span class='ocr_line' id='line_1_20' title="bbox 143 2252 1179 2339; baseline 0.001 -21"><span class='ocrx_word' id='word_1_151' title='bbox 143 2252 462 2320; x_wconf 89' lang='lat' dir='ltr'>Lacedaemoniorum</span> <span class='ocrx_word' id='word_1_152' title='bbox 491 2256 612 2339; x_wconf 89' lang='lat' dir='ltr'>legatos</span> <span class='ocrx_word' id='word_1_153' title='bbox 639 2254 848 2336; x_wconf 91' lang='lat' dir='ltr'>dimitterent,</span> <span class='ocrx_word' id='word_1_154' title='bbox 881 2275 973 2337; x_wconf 90' lang='lat' dir='ltr'>quam</span> <span class='ocrx_word' id='word_1_155' title='bbox 1001 2255 1069 2339; x_wconf 93' lang='lat' dir='ltr'>ipse</span> <span class='ocrx_word' id='word_1_156' title='bbox 1096 2263 1179 2321; x_wconf 88' lang='lat' dir='ltr'>esset</span> 
     </span>
     <span class='ocr_line' id='line_1_21' title="bbox 144 2358 1212 2443; baseline -0.003 -20"><span class='ocrx_word' id='word_1_157' title='bbox 144 2358 300 2424; x_wconf 90' lang='lat' dir='ltr'>remissus.</span> <span class='ocrx_word' id='word_1_158' title='bbox 345 2359 411 2424; x_wconf 92' lang='lat' dir='ltr'>Hos</span> <span class='ocrx_word' id='word_1_159' title='bbox 438 2366 605 2443; x_wconf 89' lang='lat' dir='ltr'>postquam</span> <span class='ocrx_word' id='word_1_160' title='bbox 626 2358 770 2425; x_wconf 88' lang='lat' dir='ltr'>Athenas</span> <span class='ocrx_word' id='word_1_161' title='bbox 797 2360 981 2443; x_wconf 90' lang='lat' dir='ltr'>pervenisse</span> <span class='ocrx_word' id='word_1_162' title='bbox 1007 2364 1093 2424; x_wconf 92' lang='lat' dir='ltr'>ratus</span> <span class='ocrx_word' id='word_1_163' title='bbox 1120 2365 1212 2439; x_wconf 76' lang='lat' dir='ltr'>estu</span> 
     </span>
     <span class='ocr_line' id='line_1_22' title="bbox 144 2461 1180 2545; baseline 0 -19"><span class='ocrx_word' id='word_1_164' title='bbox 144 2461 186 2526; x_wconf 90' lang='lat' dir='ltr'>ad</span> <span class='ocrx_word' id='word_1_165' title='bbox 215 2461 416 2544; x_wconf 86' lang='lat' dir='ltr'>magistratus</span> <span class='ocrx_word' id='word_1_166' title='bbox 450 2469 658 2545; x_wconf 89' lang='lat' dir='ltr'>senatumque</span> <span class='ocrx_word' id='word_1_167' title='bbox 687 2462 1007 2528; x_wconf 89' lang='lat' dir='ltr'>Lacedaemoniorum</span> <span class='ocrx_word' id='word_1_168' title='bbox 1036 2462 1116 2528; x_wconf 88' lang='lat' dir='ltr'>adiit</span> <span class='ocrx_word' id='word_1_169' title='bbox 1149 2470 1180 2528; x_wconf 91' lang='lat' dir='ltr'>et</span> 
     </span>
     <span class='ocr_line' id='line_1_23' title="bbox 144 2564 1179 2651; baseline 0 -21"><span class='ocrx_word' id='word_1_170' title='bbox 144 2564 231 2649; x_wconf 89' lang='lat' dir='ltr'>apud</span> <span class='ocrx_word' id='word_1_171' title='bbox 253 2584 307 2630; x_wconf 90' lang='lat' dir='ltr'>eos</span> <span class='ocrx_word' id='word_1_172' title='bbox 328 2565 486 2632; x_wconf 88' lang='lat' dir='ltr'>liberrime</span> <span class='ocrx_word' id='word_1_173' title='bbox 508 2566 669 2651; x_wconf 83' lang='lat' dir='ltr'>professus</span> <span class='ocrx_word' id='word_1_174' title='bbox 692 2572 756 2631; x_wconf 91' lang='lat' dir='ltr'>est:</span> <span class='ocrx_word' id='word_1_175' title='bbox 788 2566 1000 2631; x_wconf 88' lang='lat' dir='ltr'>Athenienses</span> <span class='ocrx_word' id='word_1_176' title='bbox 1026 2585 1083 2630; x_wconf 91' lang='lat' dir='ltr'>suo</span> <span class='ocrx_word' id='word_1_177' title='bbox 1111 2586 1179 2630; x_wconf 91' lang='lat' dir='ltr'>con-</span> 
     </span>
     <span class='ocr_line' id='line_1_24' title="bbox 145 2668 1180 2753; baseline 0.004 -21"><span class='ocrx_word' id='word_1_178' title='bbox 145 2669 223 2748; x_wconf 90' lang='lat' dir='ltr'>silio,</span> <span class='ocrx_word' id='word_1_179' title='bbox 252 2668 337 2750; x_wconf 91' lang='lat' dir='ltr'>quod</span> <span class='ocrx_word' id='word_1_180' title='bbox 359 2670 516 2734; x_wconf 93' lang='lat' dir='ltr'>communi</span> <span class='ocrx_word' id='word_1_181' title='bbox 538 2669 606 2734; x_wconf 91' lang='lat' dir='ltr'>iure</span> <span class='ocrx_word' id='word_1_182' title='bbox 632 2670 776 2753; x_wconf 90' lang='lat' dir='ltr'>gentium</span> <span class='ocrx_word' id='word_1_183' title='bbox 802 2670 908 2734; x_wconf 88' lang='lat' dir='ltr'>facere</span> <span class='ocrx_word' id='word_1_184' title='bbox 935 2674 1073 2753; x_wconf 91' lang='lat' dir='ltr'>possent,</span> <span class='ocrx_word' id='word_1_185' title='bbox 1105 2669 1180 2736; x_wconf 91' lang='lat' dir='ltr'>deos</span> 
     </span>
     <span class='ocr_line' id='line_1_25' title="bbox 145 2771 1297 2857; baseline -0.001 -20"><span class='ocrx_word' id='word_1_186' title='bbox 145 2772 262 2856; x_wconf 87' lang='lat' dir='ltr'>patrios</span> <span class='ocrx_word' id='word_1_187' title='bbox 284 2791 322 2836; x_wconf 92' lang='lat' dir='ltr'>ac</span> <span class='ocrx_word' id='word_1_188' title='bbox 348 2779 489 2857; x_wconf 91' lang='lat' dir='ltr'>penates,</span> <span class='ocrx_word' id='word_1_189' title='bbox 518 2792 579 2856; x_wconf 93' lang='lat' dir='ltr'>quo</span> <span class='ocrx_word' id='word_1_190' title='bbox 601 2772 725 2838; x_wconf 86' lang='lat' dir='ltr'>facilius</span> <span class='ocrx_word' id='word_1_191' title='bbox 747 2773 789 2837; x_wconf 94' lang='lat' dir='ltr'>ab</span> <span class='ocrx_word' id='word_1_192' title='bbox 812 2773 902 2838; x_wconf 92' lang='lat' dir='ltr'>hoste</span> <span class='ocrx_word' id='word_1_193' title='bbox 924 2779 1053 2856; x_wconf 90' lang='lat' dir='ltr'>possent</span> <span class='ocrx_word' id='word_1_194' title='bbox 1074 2771 1181 2838; x_wconf 87' lang='lat' dir='ltr'>defen·</span> <span class='ocrx_word' id='word_1_195' title='bbox 1208 2776 1210 2784; x_wconf 80' lang='grc'>’</span> <span class='ocrx_word' id='word_1_196' title='bbox 1295 2841 1297 2848; x_wconf 13' lang='grc' dir='ltr'><em>Α</em></span> 
     </span>
     <span class='ocr_line' id='line_1_26' title="bbox 146 2875 1181 2961; baseline 0.002 -23"><span class='ocrx_word' id='word_1_197' title='bbox 146 2875 230 2956; x_wconf 88' lang='lat' dir='ltr'>dere,</span> <span class='ocrx_word' id='word_1_198' title='bbox 261 2876 358 2941; x_wconf 89' lang='lat' dir='ltr'>muris</span> <span class='ocrx_word' id='word_1_199' title='bbox 388 2876 545 2961; x_wconf 87' lang='lat' dir='ltr'>saepsisse</span> <span class='ocrx_word' id='word_1_200' title='bbox 575 2896 679 2959; x_wconf 92' lang='lat' dir='ltr'>neque</span> <span class='ocrx_word' id='word_1_201' title='bbox 709 2876 742 2940; x_wconf 94' lang='lat' dir='ltr'>in</span> <span class='ocrx_word' id='word_1_202' title='bbox 770 2895 817 2957; x_wconf 90' lang='lat' dir='ltr'>eo,</span> <span class='ocrx_word' id='word_1_203' title='bbox 845 2875 929 2958; x_wconf 93' lang='lat' dir='ltr'>quod</span> <span class='ocrx_word' id='word_1_204' title='bbox 957 2875 1069 2940; x_wconf 91' lang='lat' dir='ltr'>inutile</span> <span class='ocrx_word' id='word_1_205' title='bbox 1098 2883 1181 2942; x_wconf 90' lang='lat' dir='ltr'>esset</span> 
     </span>
     <span class='ocr_line' id='line_1_27' title="bbox 146 2978 1214 3064; baseline 0.004 -20"><span class='ocrx_word' id='word_1_206' title='bbox 146 2978 307 3060; x_wconf 81' lang='lat' dir='ltr'>Graeciae,</span> <span class='ocrx_word' id='word_1_207' title='bbox 330 2979 453 3046; x_wconf 88' lang='lat' dir='ltr'>fecisse.</span> <span class='ocrx_word' id='word_1_208' title='bbox 487 2981 571 3044; x_wconf 88' lang='lat' dir='ltr'>Nam</span> <span class='ocrx_word' id='word_1_209' title='bbox 591 2980 713 3045; x_wconf 88' lang='lat' dir='ltr'>illorum</span> <span class='ocrx_word' id='word_1_210' title='bbox 733 2981 843 3044; x_wconf 91' lang='lat' dir='ltr'>urbem</span> <span class='ocrx_word' id='word_1_211' title='bbox 863 2986 898 3044; x_wconf 94' lang='lat' dir='ltr'>ut</span> <span class='ocrx_word' id='word_1_212' title='bbox 912 2981 1181 3064; x_wconf 83' lang='lat' dir='ltr'>propugnaculum</span> <span class='ocrx_word' id='word_1_213' title='bbox 1199 3005 1214 3048; x_wconf 81' lang='lat' dir='ltr'>a</span> 
     </span>
     <span class='ocr_line' id='line_1_28' title="bbox 146 3082 1181 3168; baseline 0.003 -22"><span class='ocrx_word' id='word_1_214' title='bbox 146 3082 322 3166; x_wconf 91' lang='lat' dir='ltr'>oppositam</span> <span class='ocrx_word' id='word_1_215' title='bbox 346 3102 415 3148; x_wconf 90' lang='lat' dir='ltr'>esse</span> <span class='ocrx_word' id='word_1_216' title='bbox 434 3083 594 3168; x_wconf 86' lang='lat' dir='ltr'>barbaris;</span> <span class='ocrx_word' id='word_1_217' title='bbox 624 3083 710 3168; x_wconf 92' lang='lat' dir='ltr'>apud</span> <span class='ocrx_word' id='word_1_218' title='bbox 734 3104 827 3165; x_wconf 90' lang='lat' dir='ltr'>quarn</span> <span class='ocrx_word' id='word_1_219' title='bbox 849 3083 914 3147; x_wconf 89' lang='lat' dir='ltr'>iarn</span> <span class='ocrx_word' id='word_1_220' title='bbox 937 3083 985 3148; x_wconf 92' lang='lat' dir='ltr'>bis</span> <span class='ocrx_word' id='word_1_221' title='bbox 1009 3084 1115 3167; x_wconf 89' lang='lat' dir='ltr'>copias</span> <span class='ocrx_word' id='word_1_222' title='bbox 1136 3105 1181 3149; x_wconf 90' lang='lat' dir='ltr'>re-</span> 
     </span>
     <span class='ocr_line' id='line_1_29' title="bbox 146 3185 1215 3271; baseline 0.005 -21"><span class='ocrx_word' id='word_1_223' title='bbox 146 3186 215 3269; x_wconf 90' lang='lat' dir='ltr'>gias</span> <span class='ocrx_word' id='word_1_224' title='bbox 238 3185 351 3251; x_wconf 88' lang='lat' dir='ltr'>fecisse</span> <span class='ocrx_word' id='word_1_225' title='bbox 373 3186 584 3271; x_wconf 87' lang='lat' dir='ltr'>naufragium.</span> <span class='ocrx_word' id='word_1_226' title='bbox 627 3186 895 3253; x_wconf 89' lang='lat' dir='ltr'>Lacedaemonios</span> <span class='ocrx_word' id='word_1_227' title='bbox 918 3193 1023 3252; x_wconf 89' lang='lat' dir='ltr'>autem</span> <span class='ocrx_word' id='word_1_228' title='bbox 1045 3188 1128 3251; x_wconf 92' lang='lat' dir='ltr'>male</span> <span class='ocrx_word' id='word_1_229' title='bbox 1150 3194 1215 3256; x_wconf 86' lang='lat' dir='ltr'>ete</span> 
     </span>
     <span class='ocr_line' id='line_1_30' title="bbox 147 3280 1179 3375; baseline 0.001 -22"><span class='ocrx_word' id='word_1_230' title='bbox 147 3289 262 3364; x_wconf 89' lang='lat' dir='ltr'>iniuste</span> <span class='ocrx_word' id='word_1_231' title='bbox 288 3290 403 3371; x_wconf 84' lang='lat' dir='ltr'>facere,</span> <span class='ocrx_word' id='word_1_232' title='bbox 435 3290 488 3372; x_wconf 94' lang='lat' dir='ltr'>qui</span> <span class='ocrx_word' id='word_1_233' title='bbox 515 3290 549 3355; x_wconf 90' lang='lat' dir='ltr'>id</span> <span class='ocrx_word' id='word_1_234' title='bbox 575 3291 679 3375; x_wconf 90' lang='lat' dir='ltr'>potius</span> <span class='ocrx_word' id='word_1_235' title='bbox 701 3291 907 3371; x_wconf 88' lang='lat' dir='ltr'>intuerentur,</span> <span class='ocrx_word' id='word_1_236' title='bbox 938 3290 1021 3373; x_wconf 90' lang='lat' dir='ltr'>quod</span> <span class='ocrx_word' id='word_1_237' title='bbox 1043 3280 1179 3375; x_wconf 83' lang='lat' dir='ltr'>ipsorum</span> 
     </span>
     <span class='ocr_line' id='line_1_31' title="bbox 148 3392 1179 3476; baseline 0.003 -20"><span class='ocrx_word' id='word_1_238' title='bbox 148 3392 353 3457; x_wconf 91' lang='lat' dir='ltr'>dominationi</span> <span class='ocrx_word' id='word_1_239' title='bbox 386 3412 480 3475; x_wconf 90' lang='lat' dir='ltr'>quarn</span> <span class='ocrx_word' id='word_1_240' title='bbox 512 3393 596 3476; x_wconf 93' lang='lat' dir='ltr'>quod</span> <span class='ocrx_word' id='word_1_241' title='bbox 623 3393 791 3460; x_wconf 87' lang='lat' dir='ltr'>universae</span> <span class='ocrx_word' id='word_1_242' title='bbox 814 3393 967 3460; x_wconf 83' lang='lat' dir='ltr'>Graeciae</span> <span class='ocrx_word' id='word_1_243' title='bbox 988 3394 1065 3458; x_wconf 91' lang='lat' dir='ltr'>utile</span> <span class='ocrx_word' id='word_1_244' title='bbox 1088 3401 1179 3460; x_wconf 89' lang='lat' dir='ltr'>esset.</span> 
     </span>
     <span class='ocr_line' id='line_1_32' title="bbox 150 3495 1180 3582; baseline 0.003 -23"><span class='ocrx_word' id='word_1_245' title='bbox 150 3495 269 3577; x_wconf 71' lang='lat' dir='ltr'>Quare,</span> <span class='ocrx_word' id='word_1_246' title='bbox 293 3496 319 3560; x_wconf 93' lang='lat' dir='ltr'>si</span> <span class='ocrx_word' id='word_1_247' title='bbox 346 3514 420 3562; x_wconf 90' lang='lat' dir='ltr'>suos</span> <span class='ocrx_word' id='word_1_248' title='bbox 441 3497 563 3580; x_wconf 89' lang='lat' dir='ltr'>legatos</span> <span class='ocrx_word' id='word_1_249' title='bbox 584 3497 725 3582; x_wconf 87' lang='lat' dir='ltr'>recipcre</span> <span class='ocrx_word' id='word_1_250' title='bbox 755 3497 882 3579; x_wconf 88' lang='lat' dir='ltr'>vellent,</span> <span class='ocrx_word' id='word_1_251' title='bbox 912 3517 946 3562; x_wconf 92' lang='lat' dir='ltr'>se</span> <span class='ocrx_word' id='word_1_252' title='bbox 968 3497 1180 3582; x_wconf 87' lang='lat' dir='ltr'>remitterent;</span> 
     </span>
     <span class='ocr_line' id='line_1_33' title="bbox 66 3599 1014 3686; baseline 0.002 -25"><span class='ocrx_word' id='word_1_253' title='bbox 66 3627 69 3636; x_wconf 46' lang='lat'>¹</span> <span class='ocrx_word' id='word_1_254' title='bbox 149 3599 238 3664; x_wconf 90' lang='lat' dir='ltr'>aliter</span> <span class='ocrx_word' id='word_1_255' title='bbox 260 3599 329 3664; x_wconf 93' lang='lat' dir='ltr'>illos</span> <span class='ocrx_word' id='word_1_256' title='bbox 350 3619 523 3683; x_wconf 88' lang='lat' dir='ltr'>numquam</span> <span class='ocrx_word' id='word_1_257' title='bbox 545 3601 578 3665; x_wconf 96' lang='lat' dir='ltr'>in</span> <span class='ocrx_word' id='word_1_258' title='bbox 601 3601 737 3686; x_wconf 90' lang='lat' dir='ltr'>patriam</span> <span class='ocrx_word' id='word_1_259' title='bbox 760 3621 830 3666; x_wconf 90' lang='lat' dir='ltr'>esse</span> <span class='ocrx_word' id='word_1_260' title='bbox 852 3600 1014 3665; x_wconf 90' lang='lat' dir='ltr'>redituros.</span> 
     </span>
    </p>

    <p class='ocr_par' dir='ltr' id='par_1_5' title="bbox 149 3703 1216 3889">
     <span class='ocr_line' id='line_1_34' title="bbox 250 3703 1216 3788; baseline 0.007 -21"><span class='ocrx_word' id='word_1_261' title='bbox 250 3703 371 3768; x_wconf 83' lang='lat' dir='ltr'>Tamen</span> <span class='ocrx_word' id='word_1_262' title='bbox 393 3724 457 3768; x_wconf 94' lang='lat' dir='ltr'>non</span> <span class='ocrx_word' id='word_1_263' title='bbox 481 3705 592 3788; x_wconf 88' lang='lat' dir='ltr'>effugit</span> <span class='ocrx_word' id='word_1_264' title='bbox 614 3705 731 3770; x_wconf 89' lang='lat' dir='ltr'>civium</span> <span class='ocrx_word' id='word_1_265' title='bbox 751 3725 876 3771; x_wconf 88' lang='lat' dir='ltr'>suorum</span> <span class='ocrx_word' id='word_1_266' title='bbox 891 3703 1053 3768; x_wconf 83' lang='lat' dir='ltr'>invidiam.</span> <span class='ocrx_word' id='word_1_267' title='bbox 1088 3705 1216 3774; x_wconf 81' lang='lat' dir='ltr'>Nam-8</span> 
     </span>
     <span class='ocr_line' id='line_1_35' title="bbox 149 3805 1179 3889; baseline 0.003 -20"><span class='ocrx_word' id='word_1_268' title='bbox 149 3823 210 3887; x_wconf 89' lang='lat' dir='ltr'>quc</span> <span class='ocrx_word' id='word_1_269' title='bbox 236 3806 276 3871; x_wconf 90' lang='lat' dir='ltr'>ob</span> <span class='ocrx_word' id='word_1_270' title='bbox 304 3805 440 3872; x_wconf 90' lang='lat' dir='ltr'>eundem</span> <span class='ocrx_word' id='word_1_271' title='bbox 467 3807 618 3888; x_wconf 90' lang='lat' dir='ltr'>timorem,</span> <span class='ocrx_word' id='word_1_272' title='bbox 647 3829 707 3889; x_wconf 94' lang='lat' dir='ltr'>quo</span> <span class='ocrx_word' id='word_1_273' title='bbox 734 3807 902 3872; x_wconf 89' lang='lat' dir='ltr'>damnatus</span> <span class='ocrx_word' id='word_1_274' title='bbox 926 3813 992 3871; x_wconf 86' lang='lat' dir='ltr'>erat</span> <span class='ocrx_word' id='word_1_275' title='bbox 1014 3805 1179 3886; x_wconf 90' lang='lat' dir='ltr'>Miltiades,</span> 
     </span>
    </p>
   </div>
   <div class='ocr_carea' id='block_1_5' title="bbox 0 0 1481 4192">
    <p class='ocr_par' dir='ltr' id='par_1_6' title="bbox 0 0 1481 4192">
     <span class='ocr_line' id='line_1_36' title="bbox 0 0 1481 4192; baseline 0 0"><span class='ocrx_word' id='word_1_276' title='bbox 0 0 1481 4192; x_wconf 95' lang='lat' dir='ltr'> </span> 
     </span>
    </p>
   </div>
  </div>
 </body>
</html>
