2890 4196
507 230 612 285 XXIV.
631 230 738 286 CATO.
757 233 782 286 2.
795 234 819 287 3.
1136 216 1175 279 97

143 407 308 473 consulatu
330 409 457 490 peracto
479 403 622 489 privatus
643 403 677 469 in
691 406 769 470 urbe
783 405 908 470 mansit.
937 404 981 470 At
996 406 1084 487 (lato,
1108 425 1177 472 oen·
1195 425 1212 474 a
1232 432 1338 474 maere

144 529 196 576 sor
218 529 288 576 cum
317 507 430 575 eodem
452 508 566 574 Flacco
593 508 706 590 lactus,
737 527 847 575 severe
873 508 1010 593 praefuit
1038 509 1067 574 ei
1094 517 1179 594 pote-

143 612 226 680 stati.
271 613 356 678 Nam
389 617 421 677 et
453 611 487 677 in
521 612 696 695 complures
729 611 852 677 nobiles
885 611 1110 678 animadvertit
1146 619 1179 678 et

142 715 258 780 multas
272 733 324 781 res
337 733 438 780 novas
452 716 487 779 iu
502 713 639 781 edictum
655 713 787 796 addidit,
811 734 874 797 qua
891 734 926 780 re
944 715 1069 780 luxuria
1084 717 1178 800 repri-

143 824 289 898 meretur,
312 836 394 900 quae
416 818 480 883 iam
502 824 569 884 tum
590 817 763 902 incipiebat
784 819 946 902 pullulare.
972 819 1103 884 (limiter
1124 837 1213 885 ιιι-4

143 942 201 987 nos
229 922 406 1005 sexaginta,
436 941 536 1005 usque
565 921 608 986 ad
639 928 813 986 extremam
842 928 979 987 aetatem
1006 922 1047 988 ab
1075 922 1178 987 adule-

142 1026 274 1107 scentia,
311 1025 357 1090 rei
389 1024 536 1110 publicae
570 1045 666 1090 causa
702 1025 862 1109 suscipere
897 1024 1077 1091 inimicitias
1113 1045 1178 1090 nou

143 1129 271 1195 destitit.
303 1129 332 1193 A
353 1128 460 1194 multis
482 1133 653 1212 temptatus
675 1147 740 1194 non
761 1126 854 1194 modo
876 1128 996 1193 nullum
1012 1127 1178 1193 detrimen-

143 1238 209 1297 tum
232 1230 474 1298 existimationis
487 1230 573 1311 lecit,
596 1230 663 1312 sed,
687 1230 790 1313 quoad
805 1230 896 1313 vixit,
918 1231 1069 1297 virtutum
1083 1230 1178 1296 lande

141 1335 249 1400 crevit.

246 1440 285 1503 In
307 1439 452 1504 omnibus
474 1440 570 1504 rebus
592 1437 745 1523 singulari
766 1438 828 1504 fuit
848 1437 1013 1504 industria.
1045 1439 1128 1504 Nam
1145 1446 1212 1504 etti

141 1543 282 1626 agricola
305 1543 412 1608 sellem
435 1550 467 1608 et
488 1543 608 1628 peritus
631 1542 707 1608 iuris
730 1543 889 1608 consultus
913 1548 944 1607 et
966 1562 1101 1626 magnus
1123 1543 1177 1606 im-

142 1651 268 1730 perator
297 1650 330 1709 et
358 1645 531 1729 probabilis
560 1652 664 1710 orator
695 1652 727 1710 et
754 1644 975 1729 cupidissimus
1003 1644 1181 1734 litterarum,

142 1749 212 1815 fuit.
243 1749 381 1825 Quarum
405 1747 544 1814 studium
567 1749 626 1814 etsi
648 1749 752 1813 senior
774 1749 957 1833 arripuerat,
981 1735 1088 1812 tamen
1110 1755 1210 1812 tan-2

144 1859 209 1916 tum
224 1871 424 1936 progressum
439 1851 524 1933 fecit,
547 1857 668 1915 utnon
690 1849 784 1915 facile
806 1851 935 1934 reperiri
958 1851 1176 1934 possitneque

142 1954 184 2020 de
207 1954 335 2020 Graecis
356 1975 460 2038 neque
483 1953 523 2020 de
545 1954 665 2020 Italicis
687 1956 791 2035 rebus,
819 1953 904 2036 quod
927 1955 956 2019 ei
978 1953 1073 2018 luerit
1094 1955 1176 2019 inco·

142 2060 275 2144 gnitum
302 2058 353 2124 Ab
375 2059 592 2125 adulescentia
615 2059 751 2124 confecit
739 2059 944 2124 torationes:
968 2077 1067 2124 senex
1082 2058 1210 2138 histo-3

142 2163 205 2228 rias
235 2162 413 2228 scribere'
388 2169 468 2227 rust
456 2162 548 2226 tituit.
527 2162 711 2227 Etarum
744 2169 818 2227 sunt
849 2161 922 2226 libri
955 2186 1008 2226 ιιι.
1053 2162 1176 2227 Primus
1301 2247 1303 2251 Ι

144 2265 283 2331 continet
304 2285 355 2331 res
377 2272 485 2348 gestas
512 2284 622 2350 regum
649 2266 758 2350 populi
783 2266 931 2349 Romani3
964 2264 1176 2330 secunduset

143 2369 262 2450 tertius,
289 2368 374 2433 unde
403 2387 546 2451 quaeque
575 2369 687 2434 civitas
710 2375 779 2433 orta
800 2368 841 2434 sit
863 2316 987 2452 Italloa;
1017 2369 1057 2433 ob
1080 2389 1176 2451 quam

142 2491 209 2536 rem
231 2491 340 2537 omnes
356 2470 503 2555 Origines
525 2470 651 2537 videtur
671 2472 858 2556 appellasse.
890 2473 928 2536 Ιιι
944 2477 1055 2552 quarto
1070 2479 1176 2538 autem

143 2573 260 2639 bellum
283 2574 437 2639 Punicum
460 2581 508 2640 est
529 2575 674 2658 primum,
698 2575 732 2639 in
759 2575 868 2656 quinto
895 2573 1077 2640 secundum.
1123 2574 1176 2639 At-

141 2697 204 2760 que
226 2677 435 2744 haecomnia
457 2677 652 2762 capitulatim
674 2683 747 2742 sunt
770 2676 862 2740 dieta
897 2676 1031 2758 Reliqua
1052 2689 1211 2760 quoquer

143 2782 227 2847 bella
248 2782 317 2865 pari
339 2781 432 2848 modo
454 2788 638 2865 persecutus
660 2787 708 2845 est
729 2800 829 2864 usque
850 2780 892 2844 ad
914 2787 1093 2865 praeturam
1108 2782 1177 2848 Ser-

143 2884 188 2950 vii
210 2883 341 2969 Galbae,
365 2886 418 2967 qui
441 2885 570 2969 diripuit
584 2885 809 2970 Lusitanos5u
810 2891 884 2966 tque
898 2883 1009 2950 homm
1024 2885 1177 2951 bellorum
1229 2912 1285 2951 ιιι
1287 2909 1342 2951 nn
1440 2799 1441 2980 l

142 2988 240 3056 duces
269 3009 334 3054 non
363 2989 548 3070 nominavit,
579 2988 637 3055 sed
664 2989 732 3054 sine
758 2988 951 3055 nominibus
967 3009 1017 3054 res
1043 2990 1175 3055 notavit

143 3093 181 3157 In
204 3091 324 3158 eisdem
347 3093 502 3176 exposuit,
526 3111 607 3174 quae
630 3112 650 3156 a
672 3111 706 3157 se
727 3091 762 3157 iu
777 3092 868 3156 ltalia
883 3091 1107 3176 Hispaniisque
1122 3100 1177 3157 aut

142 3195 256 3261 fierent
276 3201 332 3260 aut
353 3195 423 3260 fieri
444 3195 588 3260 viderent
575 3202 626 3260 tur
648 3193 919 3259 admirandam
942 3195 1056 3276 quibus
1078 3196 1177 3261 multa

142 3298 276 3366 indust
237 3305 299 3364 tna
321 3304 353 3364 et
375 3298 539 3382 diligentia
562 3304 730 3382 comparet,
708 3298 839 3362 tnulla
861 3296 1013 3363 doctrina.

247 3402 349 3468 Huius
375 3400 416 3467 de
444 3402 564 3465 vitaet
552 3401 724 3466 tmoribus
746 3400 867 3484 plura
857 3422 891 3465 ru
915 3421 951 3465 eo
973 3401 1052 3467 libro
1074 3422 1175 3486 perse·
1194 3417 1211 3466 5

142 3506 208 3571 cuti
223 3526 341 3588 snmus,
364 3526 457 3590 quem
473 3513 599 3589 separat
600 3505 643 3569 im
587 3505 699 3569 tde
711 3524 752 3570 eo
767 3504 899 3570 fecimus
913 3507 1075 3589 rogatuT.
1089 3507 1178 3571 Pom-

144 3610 295 3694 puniit
253 3609 360 3676 Attici.
407 3608 511 3686 Quare
538 3608 693 3674 studiosos
716 3608 846 3674 Catonis
867 3608 909 3672 ad
931 3608 1008 3672 illud
1031 3609 1177 3674 uolumen

1439 2985 1441 3045 l

1438 3077 1440 3200 l

142 3713 335 3798 delegamus.

197 3929 341 3970 Cornelius
356 3930 451 3980 Nepos.
474 3930 512 3972 Ed.
523 3929 548 3970 Α.
559 3928 667 3972 Weidner.
