2934 4192
236 161 298 241 xv.
319 185 593 241 arnnrnonnns,
615 191 654 242 10.
691 186 769 240 xvr.
788 187 1002 243 1111611666.
1026 192 1047 243 r.
1061 191 1085 244 2.
1146 175 1184 236 61

154 368 186 426 et
208 367 279 444 post
301 359 368 422 eius
391 359 549 422 interitum
573 365 723 442 perpetuo
745 360 852 434 alieno
876 361 1017 444 paruisse
1041 361 1187 446 imperio;

153 471 264 528 contra
293 484 340 543 ea,
371 460 520 543 quamdiu
549 461 602 526 ille
631 463 803 545 praefuerit
832 464 877 527 rei
907 464 1062 547 publicae,
1094 474 1188 549 eaput

155 567 252 631 161666
285 566 380 630 161166
411 564 570 629 Graeciae.
615 565 666 627 Ex
697 585 758 646 quo
788 565 929 649 intellegi
958 572 1063 649 potest
1092 589 1188 633 unum

154 671 313 736 hominem
335 669 433 753 pluris
456 689 550 750 quam
573 675 719 732 cunctam
742 669 903 733 civitatem
925 659 1031 735 161666.

257 774 343 838 XVI.
377 773 557 835 Panormus
579 772 764 855 Thebanus,
793 772 894 856 magis
916 773 1071 839 historicis
1094 792 1221 856 quaml

153 879 249 961 vulgo
266 884 366 941 notus.
400 876 496 941 Cuius
512 875 551 940 de
566 877 734 941 virtutibus
754 875 862 940 dubito
883 897 976 958 quem
998 876 1041 942 ad
1063 878 1189 942 modum

153 1002 322 1065 exponam,
357 979 440 1062 quod
470 1000 589 1059 vereor,
624 979 651 1044 si
681 1000 731 1044 166
762 981 921 1064 explicare
951 981 1115 1064 incipiam,
1149 1003 1190 1047 ne

154 1106 218 1150 non
241 1085 338 1148 vitam
363 1083 430 1148 eius
453 1103 608 1163 enarrare,
640 1082 696 1164 sed
718 1083 881 1148 historiam
904 1083 1014 1148 videar
1036 1085 1188 1169 seribere;

153 1190 204 1254 sin
227 1187 442 1251 tantummodo
458 1207 597 1251 summas
612 1188 755 1270 attigero,
778 1207 819 1251 ne
846 1187 976 1253 rudibus
999 1188 1195 1280 Graecarum
1244 1240 1246 1245 .

155 1293 327 1356 litterarum
343 1291 446 1355 minus
461 1290 597 1354 dilucide
616 1296 778 1374 appareat,
804 1297 939 1372 quantus
955 1292 1007 1355 ille
1023 1292 1070 1355 vir
1085 1291 1186 1356 166111.

155 1397 264 1476 ltaque
288 1395 410 1475 utrique
433 1393 478 1456 rei
502 1413 671 1474 ocounam,
703 1400 854 1484 quantum
882 1401 1001 1478 potero,
1033 1402 1065 1459 et
1087 1395 1188 1460 mede-

154 1500 211 1564 bor
234 1518 303 1562 cum
327 1497 464 1562 satietati
487 1504 554 1560 tum
576 1497 773 1579 ignorantiae
795 1498 955 1562 lectorum.

259 1601 438 1666 Phoebidas
468 1600 751 1682 Lacedaemonius,
786 1622 857 1665 cum
891 1601 1062 1666 exercitum
1093 1601 1221 1684 Olym-2

152 1705 244 1769 thum
266 1705 394 1769 duceret
416 1705 537 1787 iterque
559 1725 616 1788 per
638 1704 766 1770 Thebas
788 1705 916 1786 faceret,
944 1725 1048 1769 arcem
1071 1705 1187 1788 oppidi,
1242 1735 1345 1774 essaei.

153 1828 236 1889 quae
266 1807 404 1874 Cadmea
434 1809 626 1888 nominatur,
659 1809 825 1891 occuparit
854 1809 989 1891 impulsu
1019 1827 1189 1891 paucorum
1275 1801 1278 1807 ¹

152 1911 386 1991 Thebanorum,
418 1913 479 1993 qui,
511 1911 712 1976 adversariae
734 1911 864 1976 factioni
889 1932 949 1994 quo
972 1912 1094 1976 facilius
1115 1912 1190 1976 resi-

153 2020 284 2095 sterent,
317 2017 478 2080 Laoonnm
509 2017 604 2080 rebus
634 2014 817 2080 studebant:
852 2013 947 2096 idque
974 2035 1029 2080 666
1056 2017 1188 2099 privato,

97 2157 101 2170 ι
153 2139 218 2182 non
248 2119 374 2202 publico
404 2119 479 2183 fecit
510 2119 648 2184 consilio.
691 2118 763 2193 Qua
788 2139 822 2182 re
850 2138 920 2182 eum
947 2117 1223 2189 Lacedaemonii3

152 2222 196 2286 ab
220 2223 359 2286 exercitu
382 2229 583 2287 removerunt
605 2223 802 2306 pecuniaque
825 2223 1006 2302 multarunt,
1030 2243 1132 2305 neque
1152 2243 1189 2287 66

155 2326 257 2409 magis
283 2346 387 2390 arcem
415 2327 576 2391 Thebanis
603 2325 816 2406 reddiderunt,
848 2326 931 2408 quod
958 2327 1111 2409 susceptis
1134 2327 1189 2389 ini-

153 2429 281 2494 micitiis
304 2429 401 2494 661166
425 2430 583 2494 ducebant
603 2451 656 2495 666
676 2430 813 2495 obsideri
834 2451 926 2512 quam
942 2430 1075 2494 liberari.
1107 2431 1189 2494 Nam

154 2541 226 2616 post
258 2534 522 2617 Peloponnesium
556 2535 672 2598 bellum
705 2533 911 2615 Athenasque
945 2532 1085 2597 devictas
1119 2553 1189 2596 cum

152 2635 315 2701 Thebanis
343 2637 404 2701 sibi
431 2656 496 2700 rem
525 2657 595 2702 esse
622 2637 848 2702 existimabant
874 2643 905 2700 et
929 2655 982 2700 666
1005 2655 1075 2700 6666
1096 2636 1188 2714 66166,

153 2740 209 2822 qui
242 2738 393 2806 adversus
426 2759 461 2805 66
487 2741 598 2806 sistere
632 2739 793 2805 auderent.
840 2741 908 2803 Hac
943 2745 1048 2803 mente
1078 2738 1222 2806 amicisr

152 2843 221 2907 6616
254 2863 391 2908 66161666
425 2851 598 2927 potestates
633 2843 787 2908 dederant
819 2843 1009 2924 alteriusque
1043 2843 1189 2908 factionis

154 2947 313 3031 principes
332 2947 445 3030 partim
466 2948 698 3029 interfecerant,
721 2948 800 3013 alios
819 2947 852 3012 in
873 2947 1001 3011 exilium
1018 2947 1188 3029 eiecerant;

152 3050 187 3114 in
212 3051 325 3132 quibus
346 3050 523 3134 Pelopidas,
547 3051 587 3116 de
610 3073 671 3133 quo
694 3052 831 3117 scribere
854 3051 958 3116 exorsi
980 3071 1097 3130 sumus,
1124 3051 1189 3134 pul-

153 3174 208 3219 sus
239 3154 340 3237 patria
369 3155 505 3219 carebat.
551 3155 593 3218 Hi
623 3175 732 3220 omnes
762 3155 828 3219 fere
854 3154 995 3220 Athenas
1022 3173 1056 3219 se
1084 3158 1225 3222 contu-2

153 3257 267 3337 lerunt,
301 3278 363 3321 non
395 3277 455 3338 quo
487 3265 693 3340 sequerentur
722 3258 829 3338 otium,
864 3257 920 3322 sed
949 3264 993 3338 ut,
1025 3277 1117 3338 quem
1149 3277 1190 3320 ex

153 3360 297 3444 proximo
319 3360 420 3425 locum
443 3361 507 3426 1616
530 3363 704 3442 obtulisset,
728 3382 768 3426 ex
792 3381 829 3426 eo
851 3362 985 3445 patriam
1005 3380 1189 3444 recuperare

152 3463 336 3528 niterentur.
382 3466 493 3546 Itaque
516 3486 586 3530 cum
610 3472 734 3548 tempus
757 3471 805 3529 est
827 3465 930 3529 visum
952 3464 998 3528 rei
1019 3463 1188 3546 gerendae,
1207 3485 1222 3530 a

152 3568 361 3632 communiter
383 3589 453 3633 cum
476 3570 531 3652 eis,
562 3569 614 3651 qui
637 3569 756 3633 Thebis
778 3567 861 3632 idem
885 3568 1073 3646 sentiebant,
1104 3566 1187 3631 diom
1240 3592 1334 3632 616666

151 3669 340 3753 delegerunt
370 3672 412 3736 ad
441 3673 584 3737 inimicos
612 3671 834 3755 opprimendos
865 3671 1087 3752 civitatemque
1114 3671 1188 3735 libe-

152 3772 286 3840 randam
311 3795 391 3856 eum,
422 3797 483 3859 quo
510 3776 640 3839 maximi
663 3776 865 3857 magistratus
888 3774 979 3838 simul
1002 3778 1189 3837 consuerant
