<?xml version="1.0" encoding="UTF-8"?>
<!DOCTYPE html PUBLIC "-//W3C//DTD XHTML 1.0 Transitional//EN"
    "http://www.w3.org/TR/xhtml1/DTD/xhtml1-transitional.dtd">
<html xmlns="http://www.w3.org/1999/xhtml" xml:lang="en" lang="en">
 <head>
  <title>
</title>
<meta http-equiv="Content-Type" content="text/html;charset=utf-8" />
  <meta name='ocr-system' content='tesseract 3.04.00' />
  <meta name='ocr-capabilities' content='ocr_page ocr_carea ocr_par ocr_line ocrx_word'/>
</head>
<body>
  <div class='ocr_page' id='page_1' title='image "./vitae00nepogoog_0068.png"; bbox 0 0 2934 4192; ppageno 0'>
   <div class='ocr_carea' id='block_1_1' title="bbox 276 196 965 266">
    <p class='ocr_par' dir='ltr' id='par_1_1' title="bbox 276 196 965 266">
     <span class='ocr_line' id='line_1_1' title="bbox 276 196 965 266; baseline 0.009 -10"><span class='ocrx_word' id='word_1_1' title='bbox 276 196 318 256; x_wconf 82' lang='grc'>44</span> <span class='ocrx_word' id='word_1_2' title='bbox 585 210 649 265; x_wconf 85' lang='lat' dir='ltr'>XII.</span> <span class='ocrx_word' id='word_1_3' title='bbox 673 209 877 264; x_wconf 83' lang='lat' dir='ltr'>CHABRIAS.</span> <span class='ocrx_word' id='word_1_4' title='bbox 897 214 920 266; x_wconf 84' lang='lat'>3.</span> <span class='ocrx_word' id='word_1_5' title='bbox 939 215 965 265; x_wconf 82' lang='lat'>4.</span> 
     </span>
    </p>
   </div>
   <div class='ocr_carea' id='block_1_2' title="bbox 237 382 1313 1810">
    <p class='ocr_par' dir='ltr' id='par_1_2' title="bbox 237 382 1313 1810">
     <span class='ocr_line' id='line_1_2' title="bbox 274 382 1313 464; baseline 0 -16"><span class='ocrx_word' id='word_1_6' title='bbox 274 390 381 448; x_wconf 88' lang='lat' dir='ltr'>contra</span> <span class='ocrx_word' id='word_1_7' title='bbox 413 382 556 446; x_wconf 85' lang='lat' dir='ltr'>Tachum</span> <span class='ocrx_word' id='word_1_8' title='bbox 589 383 810 462; x_wconf 82' lang='lat' dir='ltr'>rebellaverat,</span> <span class='ocrx_word' id='word_1_9' title='bbox 844 403 878 448; x_wconf 89' lang='lat' dir='ltr'>se</span> <span class='ocrx_word' id='word_1_10' title='bbox 911 382 1118 464; x_wconf 83' lang='lat' dir='ltr'>adiunxisset,</span> <span class='ocrx_word' id='word_1_11' title='bbox 1158 383 1313 449; x_wconf 82' lang='lat' dir='ltr'>Chabrias</span> 
     </span>
     <span class='ocr_line' id='line_1_3' title="bbox 273 484 1312 568; baseline -0.001 -17"><span class='ocrx_word' id='word_1_12' title='bbox 273 487 368 552; x_wconf 91' lang='lat' dir='ltr'>fidem</span> <span class='ocrx_word' id='word_1_13' title='bbox 391 491 513 550; x_wconf 91' lang='lat' dir='ltr'>mutare</span> <span class='ocrx_word' id='word_1_14' title='bbox 535 485 635 550; x_wconf 89' lang='lat' dir='ltr'>noluit</span> <span class='ocrx_word' id='word_1_15' title='bbox 657 491 689 550; x_wconf 87' lang='lat' dir='ltr'>et</span> <span class='ocrx_word' id='word_1_16' title='bbox 702 484 845 550; x_wconf 90' lang='lat' dir='ltr'>Athenas</span> <span class='ocrx_word' id='word_1_17' title='bbox 864 485 966 550; x_wconf 90' lang='lat' dir='ltr'>rediit.</span> <span class='ocrx_word' id='word_1_18' title='bbox 1000 487 1113 568; x_wconf 88' lang='lat' dir='ltr'>Neque</span> <span class='ocrx_word' id='word_1_19' title='bbox 1131 506 1206 550; x_wconf 93' lang='lat' dir='ltr'>vero</span> <span class='ocrx_word' id='word_1_20' title='bbox 1227 487 1312 552; x_wconf 90' lang='lat' dir='ltr'>domi</span> 
     </span>
     <span class='ocr_line' id='line_1_4' title="bbox 238 588 1312 671; baseline 0.005 -23"><span class='ocrx_word' id='word_1_21' title='bbox 238 602 255 648; x_wconf 84' lang='lat'><strong>2</strong></span> <span class='ocrx_word' id='word_1_22' title='bbox 274 589 391 654; x_wconf 90' lang='lat' dir='ltr'>diutius</span> <span class='ocrx_word' id='word_1_23' title='bbox 415 594 462 654; x_wconf 90' lang='lat' dir='ltr'>est</span> <span class='ocrx_word' id='word_1_24' title='bbox 481 595 628 668; x_wconf 91' lang='lat' dir='ltr'>moratus,</span> <span class='ocrx_word' id='word_1_25' title='bbox 653 609 747 671; x_wconf 91' lang='lat' dir='ltr'>qnam</span> <span class='ocrx_word' id='word_1_26' title='bbox 766 588 827 652; x_wconf 88' lang='lat' dir='ltr'>fuit</span> <span class='ocrx_word' id='word_1_27' title='bbox 846 609 985 654; x_wconf 88' lang='lat' dir='ltr'>neeesse.</span> <span class='ocrx_word' id='word_1_28' title='bbox 1016 590 1090 654; x_wconf 86' lang='lat' dir='ltr'>Non</span> <span class='ocrx_word' id='word_1_29' title='bbox 1110 590 1194 654; x_wconf 93' lang='lat' dir='ltr'>enim</span> <span class='ocrx_word' id='word_1_30' title='bbox 1215 589 1312 654; x_wconf 93' lang='lat' dir='ltr'>liben-</span> 
     </span>
     <span class='ocr_line' id='line_1_5' title="bbox 273 690 1312 774; baseline -0.002 -16"><span class='ocrx_word' id='word_1_31' title='bbox 273 700 321 758; x_wconf 88' lang='lat' dir='ltr'>ter</span> <span class='ocrx_word' id='word_1_32' title='bbox 350 699 417 757; x_wconf 89' lang='lat' dir='ltr'>erat</span> <span class='ocrx_word' id='word_1_33' title='bbox 446 697 521 756; x_wconf 88' lang='lat' dir='ltr'>ante</span> <span class='ocrx_word' id='word_1_34' title='bbox 552 692 658 756; x_wconf 88' lang='lat' dir='ltr'>oculos</span> <span class='ocrx_word' id='word_1_35' title='bbox 688 712 814 756; x_wconf 90' lang='lat' dir='ltr'>suorum</span> <span class='ocrx_word' id='word_1_36' title='bbox 844 692 970 772; x_wconf 88' lang='lat' dir='ltr'>civium,</span> <span class='ocrx_word' id='word_1_37' title='bbox 1005 690 1088 774; x_wconf 90' lang='lat' dir='ltr'>quod</span> <span class='ocrx_word' id='word_1_38' title='bbox 1121 698 1153 757; x_wconf 91' lang='lat' dir='ltr'>et</span> <span class='ocrx_word' id='word_1_39' title='bbox 1182 693 1312 757; x_wconf 85' lang='lat' dir='ltr'>vivebat</span> 
     </span>
     <span class='ocr_line' id='line_1_6' title="bbox 271 794 1310 879; baseline -0.001 -18"><span class='ocrx_word' id='word_1_40' title='bbox 271 797 357 861; x_wconf 88' lang='lat' dir='ltr'>laute</span> <span class='ocrx_word' id='word_1_41' title='bbox 391 802 422 861; x_wconf 88' lang='lat' dir='ltr'>et</span> <span class='ocrx_word' id='word_1_42' title='bbox 454 794 641 878; x_wconf 80' lang='lat' dir='ltr'>indulgebat</span> <span class='ocrx_word' id='word_1_43' title='bbox 670 795 731 861; x_wconf 93' lang='lat' dir='ltr'>sibi</span> <span class='ocrx_word' id='word_1_44' title='bbox 759 796 933 877; x_wconf 88' lang='lat' dir='ltr'>hberalius,</span> <span class='ocrx_word' id='word_1_45' title='bbox 968 816 1063 879; x_wconf 89' lang='lat' dir='ltr'>quam</span> <span class='ocrx_word' id='word_1_46' title='bbox 1092 801 1128 859; x_wconf 89' lang='lat' dir='ltr'>ut</span> <span class='ocrx_word' id='word_1_47' title='bbox 1157 795 1310 860; x_wconf 90' lang='lat' dir='ltr'>invidiam</span> 
     </span>
     <span class='ocr_line' id='line_1_7' title="bbox 237 899 1310 984; baseline 0.002 -24"><span class='ocrx_word' id='word_1_48' title='bbox 237 900 361 984; x_wconf 77' lang='lat' dir='ltr'>evulgi</span> <span class='ocrx_word' id='word_1_49' title='bbox 389 905 497 983; x_wconf 91' lang='lat' dir='ltr'>posset</span> <span class='ocrx_word' id='word_1_50' title='bbox 526 899 674 982; x_wconf 88' lang='lat' dir='ltr'>effugere.</span> <span class='ocrx_word' id='word_1_51' title='bbox 720 899 778 964; x_wconf 86' lang='lat' dir='ltr'>Est</span> <span class='ocrx_word' id='word_1_52' title='bbox 807 899 891 964; x_wconf 91' lang='lat' dir='ltr'>enim</span> <span class='ocrx_word' id='word_1_53' title='bbox 920 899 982 963; x_wconf 90' lang='lat' dir='ltr'>hoc</span> <span class='ocrx_word' id='word_1_54' title='bbox 1008 919 1173 964; x_wconf 85' lang='lat' dir='ltr'>commune</span> <span class='ocrx_word' id='word_1_55' title='bbox 1199 899 1310 963; x_wconf 91' lang='lat' dir='ltr'>vitium</span> 
     </span>
     <span class='ocr_line' id='line_1_8' title="bbox 272 1001 1312 1087; baseline -0.001 -20"><span class='ocrx_word' id='word_1_56' title='bbox 272 1004 397 1087; x_wconf 88' lang='lat' dir='ltr'>magnis</span> <span class='ocrx_word' id='word_1_57' title='bbox 423 1001 593 1085; x_wconf 90' lang='lat' dir='ltr'>parvisque</span> <span class='ocrx_word' id='word_1_58' title='bbox 621 1001 815 1082; x_wconf 89' lang='lat' dir='ltr'>civitatibus,</span> <span class='ocrx_word' id='word_1_59' title='bbox 844 1007 881 1065; x_wconf 90' lang='lat' dir='ltr'>nt</span> <span class='ocrx_word' id='word_1_60' title='bbox 906 1001 1028 1067; x_wconf 91' lang='lat' dir='ltr'>invidia</span> <span class='ocrx_word' id='word_1_61' title='bbox 1056 1003 1175 1085; x_wconf 90' lang='lat' dir='ltr'>gloriae</span> <span class='ocrx_word' id='word_1_62' title='bbox 1206 1022 1312 1067; x_wconf 89' lang='lat' dir='ltr'>comes</span> 
     </span>
     <span class='ocr_line' id='line_1_9' title="bbox 273 1102 1311 1187; baseline -0.002 -15"><span class='ocrx_word' id='word_1_63' title='bbox 273 1108 313 1173; x_wconf 91' lang='lat' dir='ltr'>sit</span> <span class='ocrx_word' id='word_1_64' title='bbox 341 1112 372 1171; x_wconf 93' lang='lat' dir='ltr'>et</span> <span class='ocrx_word' id='word_1_65' title='bbox 398 1106 535 1169; x_wconf 87' lang='lat' dir='ltr'>libenter</span> <span class='ocrx_word' id='word_1_66' title='bbox 562 1103 602 1167; x_wconf 93' lang='lat' dir='ltr'>de</span> <span class='ocrx_word' id='word_1_67' title='bbox 630 1104 675 1169; x_wconf 76' lang='lat' dir='ltr'>eis</span> <span class='ocrx_word' id='word_1_68' title='bbox 702 1102 880 1184; x_wconf 87' lang='lat' dir='ltr'>detrahant,</span> <span class='ocrx_word' id='word_1_69' title='bbox 912 1124 988 1187; x_wconf 90' lang='lat' dir='ltr'>quos</span> <span class='ocrx_word' id='word_1_70' title='bbox 1016 1106 1154 1170; x_wconf 90' lang='lat' dir='ltr'>eminere</span> <span class='ocrx_word' id='word_1_71' title='bbox 1181 1105 1311 1170; x_wconf 89' lang='lat' dir='ltr'>videant</span> 
     </span>
     <span class='ocr_line' id='line_1_10' title="bbox 272 1207 1309 1293; baseline -0.003 -18"><span class='ocrx_word' id='word_1_72' title='bbox 272 1210 375 1290; x_wconf 87' lang='lat' dir='ltr'>altius,</span> <span class='ocrx_word' id='word_1_73' title='bbox 399 1227 503 1290; x_wconf 90' lang='lat' dir='ltr'>neque</span> <span class='ocrx_word' id='word_1_74' title='bbox 525 1207 631 1272; x_wconf 88' lang='lat' dir='ltr'>animo</span> <span class='ocrx_word' id='word_1_75' title='bbox 652 1227 755 1289; x_wconf 90' lang='lat' dir='ltr'>aequo</span> <span class='ocrx_word' id='word_1_76' title='bbox 778 1228 935 1291; x_wconf 81' lang='lat' dir='ltr'>pauperes</span> <span class='ocrx_word' id='word_1_77' title='bbox 956 1209 1094 1272; x_wconf 90' lang='lat' dir='ltr'>alienam</span> <span class='ocrx_word' id='word_1_78' title='bbox 1116 1209 1309 1293; x_wconf 89' lang='lat' dir='ltr'>opulentiam</span> 
     </span>
     <span class='ocr_line' id='line_1_11' title="bbox 271 1310 1309 1396; baseline -0.001 -19"><span class='ocrx_word' id='word_1_79' title='bbox 271 1314 462 1377; x_wconf 88' lang='lat' dir='ltr'>intueantur.</span> <span class='ocrx_word' id='word_1_80' title='bbox 508 1311 620 1393; x_wconf 91' lang='lat' dir='ltr'>Itaque</span> <span class='ocrx_word' id='word_1_81' title='bbox 651 1310 819 1392; x_wconf 78' lang='lat' dir='ltr'>Chabrias,</span> <span class='ocrx_word' id='word_1_82' title='bbox 852 1310 956 1394; x_wconf 90' lang='lat' dir='ltr'>quoad</span> <span class='ocrx_word' id='word_1_83' title='bbox 985 1311 1110 1392; x_wconf 86' lang='lat' dir='ltr'>licebat,</span> <span class='ocrx_word' id='word_1_84' title='bbox 1141 1312 1309 1396; x_wconf 91' lang='lat' dir='ltr'>plurimum</span> 
     </span>
     <span class='ocr_line' id='line_1_12' title="bbox 237 1415 1308 1497; baseline 0.006 -23"><span class='ocrx_word' id='word_1_85' title='bbox 237 1416 389 1480; x_wconf 74' lang='lat' dir='ltr'>raberat.</span> <span class='ocrx_word' id='word_1_86' title='bbox 435 1415 548 1497; x_wconf 88' lang='lat' dir='ltr'>Neque</span> <span class='ocrx_word' id='word_1_87' title='bbox 575 1434 649 1480; x_wconf 90' lang='lat' dir='ltr'>vero</span> <span class='ocrx_word' id='word_1_88' title='bbox 676 1434 757 1479; x_wconf 87' lang='lat' dir='ltr'>unus</span> <span class='ocrx_word' id='word_1_89' title='bbox 784 1415 837 1479; x_wconf 93' lang='lat' dir='ltr'>ille</span> <span class='ocrx_word' id='word_1_90' title='bbox 863 1416 974 1480; x_wconf 88' lang='lat' dir='ltr'>aberat</span> <span class='ocrx_word' id='word_1_91' title='bbox 1001 1415 1135 1480; x_wconf 85' lang='lat' dir='ltr'>Athenis</span> <span class='ocrx_word' id='word_1_92' title='bbox 1163 1416 1308 1496; x_wconf 87' lang='lat' dir='ltr'>libenter,</span> 
     </span>
     <span class='ocr_line' id='line_1_13' title="bbox 271 1517 1309 1601; baseline -0.003 -16"><span class='ocrx_word' id='word_1_93' title='bbox 271 1518 329 1585; x_wconf 91' lang='lat' dir='ltr'>sed</span> <span class='ocrx_word' id='word_1_94' title='bbox 359 1537 468 1584; x_wconf 90' lang='lat' dir='ltr'>omnes</span> <span class='ocrx_word' id='word_1_95' title='bbox 489 1517 562 1582; x_wconf 87' lang='lat' dir='ltr'>fere</span> <span class='ocrx_word' id='word_1_96' title='bbox 592 1517 751 1601; x_wconf 79' lang='lat' dir='ltr'>principes</span> <span class='ocrx_word' id='word_1_97' title='bbox 780 1517 924 1583; x_wconf 83' lang='lat' dir='ltr'>fecerunt</span> <span class='ocrx_word' id='word_1_98' title='bbox 949 1518 1044 1599; x_wconf 91' lang='lat' dir='ltr'>idem,</span> <span class='ocrx_word' id='word_1_99' title='bbox 1077 1518 1161 1600; x_wconf 91' lang='lat' dir='ltr'>quod</span> <span class='ocrx_word' id='word_1_100' title='bbox 1187 1525 1309 1583; x_wconf 89' lang='lat' dir='ltr'>tantum</span> 
     </span>
     <span class='ocr_line' id='line_1_14' title="bbox 271 1620 1310 1707; baseline 0 -19"><span class='ocrx_word' id='word_1_101' title='bbox 271 1643 306 1688; x_wconf 91' lang='lat' dir='ltr'>se</span> <span class='ocrx_word' id='word_1_102' title='bbox 332 1622 373 1686; x_wconf 88' lang='lat' dir='ltr'>ab</span> <span class='ocrx_word' id='word_1_103' title='bbox 400 1621 522 1686; x_wconf 91' lang='lat' dir='ltr'>invidia</span> <span class='ocrx_word' id='word_1_104' title='bbox 547 1622 704 1705; x_wconf 89' lang='lat' dir='ltr'>putabant</span> <span class='ocrx_word' id='word_1_105' title='bbox 730 1620 880 1702; x_wconf 83' lang='lat' dir='ltr'>afuturos,</span> <span class='ocrx_word' id='word_1_106' title='bbox 911 1629 1063 1703; x_wconf 90' lang='lat' dir='ltr'>qnantum</span> <span class='ocrx_word' id='word_1_107' title='bbox 1089 1642 1110 1686; x_wconf 90' lang='lat' dir='ltr'>a</span> <span class='ocrx_word' id='word_1_108' title='bbox 1139 1629 1310 1707; x_wconf 85' lang='lat' dir='ltr'>conspectu</span> 
     </span>
     <span class='ocr_line' id='line_1_15' title="bbox 271 1724 1311 1810; baseline -0.001 -19"><span class='ocrx_word' id='word_1_109' title='bbox 271 1746 397 1792; x_wconf 91' lang='lat' dir='ltr'>suorum</span> <span class='ocrx_word' id='word_1_110' title='bbox 434 1724 646 1790; x_wconf 78' lang='lat' dir='ltr'>recessissent.</span> <span class='ocrx_word' id='word_1_111' title='bbox 706 1725 817 1806; x_wconf 87' lang='lat' dir='ltr'>Itaque</span> <span class='ocrx_word' id='word_1_112' title='bbox 855 1725 965 1790; x_wconf 80' lang='lat' dir='ltr'>eonon</span> <span class='ocrx_word' id='word_1_113' title='bbox 1005 1725 1173 1809; x_wconf 91' lang='lat' dir='ltr'>plurimum</span> <span class='ocrx_word' id='word_1_114' title='bbox 1211 1725 1311 1810; x_wconf 78' lang='lat' dir='ltr'>Cypri</span> 
     </span>
    </p>
   </div>
   <div class='ocr_carea' id='block_1_3' title="bbox 270 1823 1450 1913">
    <p class='ocr_par' dir='ltr' id='par_1_3' title="bbox 270 1823 1450 1913">
     <span class='ocr_line' id='line_1_16' title="bbox 270 1823 1450 1913; baseline -0.001 -19"><span class='ocrx_word' id='word_1_115' title='bbox 270 1830 362 1910; x_wconf 85' lang='lat' dir='ltr'>vixit,</span> <span class='ocrx_word' id='word_1_116' title='bbox 384 1826 560 1913; x_wconf 87' lang='lat' dir='ltr'>Iphicrates</span> <span class='ocrx_word' id='word_1_117' title='bbox 581 1827 615 1891; x_wconf 92' lang='lat' dir='ltr'>in</span> <span class='ocrx_word' id='word_1_118' title='bbox 629 1827 774 1907; x_wconf 88' lang='lat' dir='ltr'>Thracia,</span> <span class='ocrx_word' id='word_1_119' title='bbox 797 1827 981 1893; x_wconf 66' lang='lat' dir='ltr'>{limotheus</span> <span class='ocrx_word' id='word_1_120' title='bbox 1003 1829 1109 1908; x_wconf 87' lang='lat' dir='ltr'>Lesbi,</span> <span class='ocrx_word' id='word_1_121' title='bbox 1134 1828 1253 1894; x_wconf 76' lang='lat' dir='ltr'>Chares</span> <span class='ocrx_word' id='word_1_122' title='bbox 1275 1823 1327 1893; x_wconf 57' lang='lat' dir='ltr'>in‘</span> <span class='ocrx_word' id='word_1_123' title='bbox 1449 1875 1450 1884; x_wconf 38' lang='lat'>1</span> 
     </span>
    </p>
   </div>
   <div class='ocr_carea' id='block_1_4' title="bbox 114 1929 1310 2327">
    <p class='ocr_par' dir='ltr' id='par_1_4' title="bbox 271 1929 1310 2016">
     <span class='ocr_line' id='line_1_17' title="bbox 271 1929 1310 2016; baseline -0.001 -17"><span class='ocrx_word' id='word_1_124' title='bbox 271 1933 366 2016; x_wconf 87' lang='lat' dir='ltr'>Sigeo</span> <span class='ocrx_word' id='word_1_125' title='bbox 388 1951 475 2014; x_wconf 88' lang='lat' dir='ltr'>agro,</span> <span class='ocrx_word' id='word_1_126' title='bbox 500 1929 660 1995; x_wconf 88' lang='lat' dir='ltr'>dissimilis</span> <span class='ocrx_word' id='word_1_127' title='bbox 682 1931 709 1995; x_wconf 88' lang='lat' dir='ltr'>is</span> <span class='ocrx_word' id='word_1_128' title='bbox 733 1930 860 2012; x_wconf 89' lang='lat' dir='ltr'>quidem</span> <span class='ocrx_word' id='word_1_129' title='bbox 882 1931 1005 1995; x_wconf 89' lang='lat' dir='ltr'>illorum</span> <span class='ocrx_word' id='word_1_130' title='bbox 1028 1937 1059 1996; x_wconf 93' lang='lat' dir='ltr'>et</span> <span class='ocrx_word' id='word_1_131' title='bbox 1081 1931 1174 1996; x_wconf 82' lang='lat' dir='ltr'>sactis</span> <span class='ocrx_word' id='word_1_132' title='bbox 1196 1938 1229 1996; x_wconf 91' lang='lat' dir='ltr'>et</span> <span class='ocrx_word' id='word_1_133' title='bbox 1247 1953 1310 1998; x_wconf 94' lang='lat' dir='ltr'>mc·</span> 
     </span>
    </p>

    <p class='ocr_par' dir='ltr' id='par_1_5' title="bbox 114 2032 1309 2327">
     <span class='ocr_line' id='line_1_18' title="bbox 269 2032 1178 2118; baseline -0.001 -17"><span class='ocrx_word' id='word_1_134' title='bbox 269 2037 367 2116; x_wconf 89' lang='lat' dir='ltr'>ribus,</span> <span class='ocrx_word' id='word_1_135' title='bbox 391 2034 448 2099; x_wconf 92' lang='lat' dir='ltr'>sed</span> <span class='ocrx_word' id='word_1_136' title='bbox 469 2041 576 2098; x_wconf 87' lang='lat' dir='ltr'>tamen</span> <span class='ocrx_word' id='word_1_137' title='bbox 599 2032 734 2098; x_wconf 86' lang='lat' dir='ltr'>Athenis</span> <span class='ocrx_word' id='word_1_138' title='bbox 757 2040 788 2098; x_wconf 91' lang='lat' dir='ltr'>et</span> <span class='ocrx_word' id='word_1_139' title='bbox 810 2034 980 2098; x_wconf 89' lang='lat' dir='ltr'>honoratus</span> <span class='ocrx_word' id='word_1_140' title='bbox 1003 2040 1035 2098; x_wconf 90' lang='lat' dir='ltr'>et</span> <span class='ocrx_word' id='word_1_141' title='bbox 1056 2042 1178 2118; x_wconf 91' lang='lat' dir='ltr'>potens.</span> 
     </span>
     <span class='ocr_line' id='line_1_19' title="bbox 234 2137 1307 2222; baseline -0.002 -17"><span class='ocrx_word' id='word_1_142' title='bbox 234 2152 254 2205; x_wconf 81' lang='lat'>4</span> <span class='ocrx_word' id='word_1_143' title='bbox 376 2137 530 2205; x_wconf 82' lang='lat' dir='ltr'>Chabrias</span> <span class='ocrx_word' id='word_1_144' title='bbox 566 2143 673 2203; x_wconf 89' lang='lat' dir='ltr'>autern</span> <span class='ocrx_word' id='word_1_145' title='bbox 709 2138 802 2222; x_wconf 90' lang='lat' dir='ltr'>periit</span> <span class='ocrx_word' id='word_1_146' title='bbox 843 2138 924 2203; x_wconf 90' lang='lat' dir='ltr'>bello</span> <span class='ocrx_word' id='word_1_147' title='bbox 962 2137 1070 2202; x_wconf 87' lang='lat' dir='ltr'>sociali</span> <span class='ocrx_word' id='word_1_148' title='bbox 1108 2137 1167 2204; x_wconf 91' lang='lat' dir='ltr'>hoo</span> <span class='ocrx_word' id='word_1_149' title='bbox 1203 2137 1307 2204; x_wconf 88' lang='lat' dir='ltr'>modo.</span> 
     </span>
     <span class='ocr_line' id='line_1_20' title="bbox 114 2239 1309 2327; baseline 0.001 -20"><span class='ocrx_word' id='word_1_150' title='bbox 114 2263 216 2307; x_wconf 57' lang='lat' dir='ltr'>uraca.</span> <span class='ocrx_word' id='word_1_151' title='bbox 271 2241 509 2327; x_wconf 78' lang='lat' dir='ltr'>oppugnabant</span> <span class='ocrx_word' id='word_1_152' title='bbox 530 2239 742 2306; x_wconf 88' lang='lat' dir='ltr'>Athenienses</span> <span class='ocrx_word' id='word_1_153' title='bbox 767 2241 889 2306; x_wconf 78' lang='lat' dir='ltr'>Chium.</span> <span class='ocrx_word' id='word_1_154' title='bbox 936 2243 1012 2306; x_wconf 84' lang='lat' dir='ltr'>Erat</span> <span class='ocrx_word' id='word_1_155' title='bbox 1041 2241 1076 2306; x_wconf 95' lang='lat' dir='ltr'>in</span> <span class='ocrx_word' id='word_1_156' title='bbox 1104 2242 1309 2309; x_wconf 82' lang='grc'><strong>1111110111-</strong></span> 
     </span>
    </p>
   </div>
   <div class='ocr_carea' id='block_1_5' title="bbox 270 2342 1415 2429">
    <p class='ocr_par' dir='ltr' id='par_1_6' title="bbox 270 2342 1415 2429">
     <span class='ocr_line' id='line_1_21' title="bbox 270 2342 1415 2429; baseline 0 -18"><span class='ocrx_word' id='word_1_157' title='bbox 270 2346 356 2412; x_wconf 88' lang='lat' dir='ltr'>brias</span> <span class='ocrx_word' id='word_1_158' title='bbox 370 2344 521 2429; x_wconf 89' lang='lat' dir='ltr'>privatus,</span> <span class='ocrx_word' id='word_1_159' title='bbox 545 2342 602 2409; x_wconf 89' lang='lat' dir='ltr'>sed</span> <span class='ocrx_word' id='word_1_160' title='bbox 617 2363 737 2425; x_wconf 89' lang='lat' dir='ltr'>omnes,</span> <span class='ocrx_word' id='word_1_161' title='bbox 760 2343 862 2426; x_wconf 91' lang='lat' dir='ltr'>quiin</span> <span class='ocrx_word' id='word_1_162' title='bbox 879 2345 1064 2428; x_wconf 85' lang='lat' dir='ltr'>magistratu</span> <span class='ocrx_word' id='word_1_163' title='bbox 1080 2353 1179 2427; x_wconf 88' lang='lat' dir='ltr'>erant,</span> <span class='ocrx_word' id='word_1_164' title='bbox 1203 2352 1308 2412; x_wconf 86' lang='lat' dir='ltr'>aucto·</span> <span class='ocrx_word' id='word_1_165' title='bbox 1412 2413 1415 2419; x_wconf 76' lang='grc'><strong>,</strong></span> 
     </span>
    </p>
   </div>
   <div class='ocr_carea' id='block_1_6' title="bbox 167 2447 1309 3856">
    <p class='ocr_par' dir='ltr' id='par_1_7' title="bbox 167 2447 1309 3856">
     <span class='ocr_line' id='line_1_22' title="bbox 269 2447 1309 2534; baseline 0.001 -21"><span class='ocrx_word' id='word_1_166' title='bbox 269 2449 362 2513; x_wconf 91' lang='lat' dir='ltr'>ritate</span> <span class='ocrx_word' id='word_1_167' title='bbox 392 2447 543 2528; x_wconf 86' lang='lat' dir='ltr'>anteibat,</span> <span class='ocrx_word' id='word_1_168' title='bbox 575 2467 709 2529; x_wconf 93' lang='lat' dir='ltr'>eumque</span> <span class='ocrx_word' id='word_1_169' title='bbox 738 2448 840 2531; x_wconf 88' lang='lat' dir='ltr'>magis</span> <span class='ocrx_word' id='word_1_170' title='bbox 870 2448 985 2513; x_wconf 89' lang='lat' dir='ltr'>milites</span> <span class='ocrx_word' id='word_1_171' title='bbox 1016 2470 1110 2531; x_wconf 92' lang='lat' dir='ltr'>qnam</span> <span class='ocrx_word' id='word_1_172' title='bbox 1138 2450 1192 2531; x_wconf 93' lang='lat' dir='ltr'>qui</span> <span class='ocrx_word' id='word_1_173' title='bbox 1221 2470 1309 2534; x_wconf 81' lang='lat' dir='ltr'>prae</span> 
     </span>
     <span class='ocr_line' id='line_1_23' title="bbox 236 2549 1309 2635; baseline 0.003 -21"><span class='ocrx_word' id='word_1_174' title='bbox 236 2569 251 2614; x_wconf 82' lang='lat' dir='ltr'>a</span> <span class='ocrx_word' id='word_1_175' title='bbox 270 2558 360 2617; x_wconf 90' lang='lat' dir='ltr'>erant</span> <span class='ocrx_word' id='word_1_176' title='bbox 379 2551 602 2635; x_wconf 87' lang='lat' dir='ltr'>suspiciebant.</span> <span class='ocrx_word' id='word_1_177' title='bbox 642 2549 731 2626; x_wconf 78' lang='lat' dir='ltr'>Quae</span> <span class='ocrx_word' id='word_1_178' title='bbox 750 2570 801 2616; x_wconf 88' lang='lat' dir='ltr'>res</span> <span class='ocrx_word' id='word_1_179' title='bbox 817 2551 846 2616; x_wconf 92' lang='lat' dir='ltr'>ei</span> <span class='ocrx_word' id='word_1_180' title='bbox 862 2553 1030 2616; x_wconf 88' lang='lat' dir='ltr'>maturavit</span> <span class='ocrx_word' id='word_1_181' title='bbox 1045 2558 1186 2618; x_wconf 87' lang='lat' dir='ltr'>mortem.</span> <span class='ocrx_word' id='word_1_182' title='bbox 1224 2554 1309 2617; x_wconf 86' lang='lat' dir='ltr'>Nam</span> 
     </span>
     <span class='ocr_line' id='line_1_24' title="bbox 270 2653 1308 2739; baseline 0.001 -19"><span class='ocrx_word' id='word_1_183' title='bbox 270 2655 346 2721; x_wconf 91' lang='lat' dir='ltr'>dum</span> <span class='ocrx_word' id='word_1_184' title='bbox 364 2654 484 2738; x_wconf 90' lang='lat' dir='ltr'>primus</span> <span class='ocrx_word' id='word_1_185' title='bbox 499 2653 605 2719; x_wconf 89' lang='lat' dir='ltr'>studet</span> <span class='ocrx_word' id='word_1_186' title='bbox 623 2660 747 2739; x_wconf 90' lang='lat' dir='ltr'>portum</span> <span class='ocrx_word' id='word_1_187' title='bbox 762 2655 878 2719; x_wconf 91' lang='lat' dir='ltr'>intrare</span> <span class='ocrx_word' id='word_1_188' title='bbox 893 2655 1199 2738; x_wconf 86' lang='lat' dir='ltr'>gubernatoremque</span> <span class='ocrx_word' id='word_1_189' title='bbox 1218 2656 1308 2722; x_wconf 89' lang='lat' dir='ltr'>iubet</span> 
     </span>
     <span class='ocr_line' id='line_1_25' title="bbox 271 2757 1308 2842; baseline 0 -18"><span class='ocrx_word' id='word_1_190' title='bbox 271 2778 308 2824; x_wconf 92' lang='lat' dir='ltr'>eo</span> <span class='ocrx_word' id='word_1_191' title='bbox 331 2757 466 2840; x_wconf 87' lang='lat' dir='ltr'>dirigere</span> <span class='ocrx_word' id='word_1_192' title='bbox 493 2777 618 2837; x_wconf 92' lang='lat' dir='ltr'>navem,</span> <span class='ocrx_word' id='word_1_193' title='bbox 648 2758 717 2842; x_wconf 90' lang='lat' dir='ltr'>ipse</span> <span class='ocrx_word' id='word_1_194' title='bbox 744 2758 806 2823; x_wconf 89' lang='lat' dir='ltr'>sihi</span> <span class='ocrx_word' id='word_1_195' title='bbox 831 2758 982 2842; x_wconf 90' lang='lat' dir='ltr'>perniciei</span> <span class='ocrx_word' id='word_1_196' title='bbox 1005 2759 1073 2823; x_wconf 85' lang='lat' dir='ltr'>fuit.</span> <span class='ocrx_word' id='word_1_197' title='bbox 1120 2759 1200 2824; x_wconf 81' lang='lat' dir='ltr'>Cum</span> <span class='ocrx_word' id='word_1_198' title='bbox 1222 2760 1308 2824; x_wconf 93' lang='lat' dir='ltr'>enim</span> 
     </span>
     <span class='ocr_line' id='line_1_26' title="bbox 271 2861 1308 2946; baseline -0.001 -19"><span class='ocrx_word' id='word_1_199' title='bbox 271 2883 307 2927; x_wconf 90' lang='lat' dir='ltr'>ec</span> <span class='ocrx_word' id='word_1_200' title='bbox 337 2866 544 2946; x_wconf 89' lang='lat' dir='ltr'>penetrasset,</span> <span class='ocrx_word' id='word_1_201' title='bbox 579 2866 702 2925; x_wconf 89' lang='lat' dir='ltr'>ceterae</span> <span class='ocrx_word' id='word_1_202' title='bbox 731 2880 795 2925; x_wconf 91' lang='lat' dir='ltr'>non</span> <span class='ocrx_word' id='word_1_203' title='bbox 830 2867 903 2925; x_wconf 89' lang='lat' dir='ltr'>sunt</span> <span class='ocrx_word' id='word_1_204' title='bbox 933 2869 1068 2927; x_wconf 87' lang='lat' dir='ltr'>secutae.</span> <span class='ocrx_word' id='word_1_205' title='bbox 1120 2861 1189 2938; x_wconf 78' lang='lat' dir='ltr'>Quo</span> <span class='ocrx_word' id='word_1_206' title='bbox 1223 2861 1308 2927; x_wconf 86' lang='lat' dir='ltr'>facto</span> 
     </span>
     <span class='ocr_line' id='line_1_27' title="bbox 271 2962 1306 3050; baseline -0.001 -20"><span class='ocrx_word' id='word_1_207' title='bbox 271 2964 476 3030; x_wconf 87' lang='lat' dir='ltr'>circumfusus</span> <span class='ocrx_word' id='word_1_208' title='bbox 503 2962 639 3028; x_wconf 90' lang='lat' dir='ltr'>hostium</span> <span class='ocrx_word' id='word_1_209' title='bbox 666 2983 818 3028; x_wconf 86' lang='lat' dir='ltr'>concursu</span> <span class='ocrx_word' id='word_1_210' title='bbox 845 2983 916 3028; x_wconf 90' lang='lat' dir='ltr'>cum</span> <span class='ocrx_word' id='word_1_211' title='bbox 942 2964 1111 3030; x_wconf 87' lang='lat' dir='ltr'>fortissime</span> <span class='ocrx_word' id='word_1_212' title='bbox 1140 2972 1306 3050; x_wconf 88' lang='lat' dir='ltr'>pugnaret,</span> 
     </span>
     <span class='ocr_line' id='line_1_28' title="bbox 235 3067 1308 3152; baseline 0.004 -22"><span class='ocrx_word' id='word_1_213' title='bbox 235 3067 361 3134; x_wconf 85' lang='lat' dir='ltr'>suavis</span> <span class='ocrx_word' id='word_1_214' title='bbox 383 3073 482 3132; x_wconf 90' lang='lat' dir='ltr'>rostro</span> <span class='ocrx_word' id='word_1_215' title='bbox 509 3086 658 3151; x_wconf 88' lang='lat' dir='ltr'>percussa</span> <span class='ocrx_word' id='word_1_216' title='bbox 680 3067 782 3132; x_wconf 90' lang='lat' dir='ltr'>sidere</span> <span class='ocrx_word' id='word_1_217' title='bbox 805 3069 917 3152; x_wconf 89' lang='lat' dir='ltr'>eoepit.</span> <span class='ocrx_word' id='word_1_218' title='bbox 963 3069 1046 3133; x_wconf 89' lang='lat' dir='ltr'>Hinc</span> <span class='ocrx_word' id='word_1_219' title='bbox 1068 3069 1213 3152; x_wconf 85' lang='lat' dir='ltr'>refugere</span> <span class='ocrx_word' id='word_1_220' title='bbox 1235 3090 1308 3134; x_wconf 90' lang='lat' dir='ltr'>cum</span> 
     </span>
     <span class='ocr_line' id='line_1_29' title="bbox 269 3170 1308 3256; baseline 0 -18"><span class='ocrx_word' id='word_1_221' title='bbox 269 3177 385 3256; x_wconf 88' lang='lat' dir='ltr'>posset,</span> <span class='ocrx_word' id='word_1_222' title='bbox 415 3170 443 3236; x_wconf 92' lang='lat' dir='ltr'>si</span> <span class='ocrx_word' id='word_1_223' title='bbox 472 3190 507 3237; x_wconf 91' lang='lat' dir='ltr'>se</span> <span class='ocrx_word' id='word_1_224' title='bbox 536 3170 569 3235; x_wconf 91' lang='lat' dir='ltr'>in</span> <span class='ocrx_word' id='word_1_225' title='bbox 599 3191 687 3236; x_wconf 87' lang='lat' dir='ltr'>mare</span> <span class='ocrx_word' id='word_1_226' title='bbox 716 3170 893 3253; x_wconf 88' lang='lat' dir='ltr'>deiecisset,</span> <span class='ocrx_word' id='word_1_227' title='bbox 926 3171 1009 3255; x_wconf 88' lang='lat' dir='ltr'>quod</span> <span class='ocrx_word' id='word_1_228' title='bbox 1040 3173 1168 3237; x_wconf 87' lang='lat' dir='ltr'>suberat</span> <span class='ocrx_word' id='word_1_229' title='bbox 1197 3172 1308 3238; x_wconf 86' lang='lat' dir='ltr'>classis</span> 
     </span>
     <span class='ocr_line' id='line_1_30' title="bbox 269 3273 1309 3358; baseline 0 -18"><span class='ocrx_word' id='word_1_230' title='bbox 269 3273 524 3355; x_wconf 89' lang='lat' dir='ltr'>Atheniensium,</span> <span class='ocrx_word' id='word_1_231' title='bbox 559 3293 641 3357; x_wconf 91' lang='lat' dir='ltr'>quae</span> <span class='ocrx_word' id='word_1_232' title='bbox 675 3274 836 3358; x_wconf 85' lang='lat' dir='ltr'>exciperet</span> <span class='ocrx_word' id='word_1_233' title='bbox 865 3280 1027 3356; x_wconf 87' lang='lat' dir='ltr'>natantes,</span> <span class='ocrx_word' id='word_1_234' title='bbox 1061 3275 1164 3358; x_wconf 88' lang='lat' dir='ltr'>perire</span> <span class='ocrx_word' id='word_1_235' title='bbox 1197 3276 1309 3340; x_wconf 87' lang='lat' dir='ltr'>maluit</span> 
     </span>
     <span class='ocr_line' id='line_1_31' title="bbox 270 3377 1306 3461; baseline 0.002 -19"><span class='ocrx_word' id='word_1_236' title='bbox 270 3398 364 3461; x_wconf 90' lang='lat' dir='ltr'>quam</span> <span class='ocrx_word' id='word_1_237' title='bbox 378 3377 474 3444; x_wconf 88' lang='lat' dir='ltr'>armis</span> <span class='ocrx_word' id='word_1_238' title='bbox 488 3377 621 3443; x_wconf 87' lang='lat' dir='ltr'>abiectis</span> <span class='ocrx_word' id='word_1_239' title='bbox 637 3397 752 3442; x_wconf 86' lang='lat' dir='ltr'>navem</span> <span class='ocrx_word' id='word_1_240' title='bbox 771 3377 958 3460; x_wconf 88' lang='lat' dir='ltr'>relinquere,</span> <span class='ocrx_word' id='word_1_241' title='bbox 981 3398 1045 3461; x_wconf 91' lang='lat' dir='ltr'>qua</span> <span class='ocrx_word' id='word_1_242' title='bbox 1063 3379 1167 3442; x_wconf 86' lang='lat' dir='ltr'>fuerat</span> <span class='ocrx_word' id='word_1_243' title='bbox 1186 3385 1306 3444; x_wconf 90' lang='lat' dir='ltr'>vectus.</span> 
     </span>
     <span class='ocr_line' id='line_1_32' title="bbox 269 3480 1308 3565; baseline 0.002 -19"><span class='ocrx_word' id='word_1_244' title='bbox 269 3480 307 3546; x_wconf 95' lang='lat' dir='ltr'>Id</span> <span class='ocrx_word' id='word_1_245' title='bbox 335 3481 430 3546; x_wconf 88' lang='lat' dir='ltr'>ceteri</span> <span class='ocrx_word' id='word_1_246' title='bbox 456 3481 562 3546; x_wconf 86' lang='lat' dir='ltr'>facere</span> <span class='ocrx_word' id='word_1_247' title='bbox 588 3481 769 3565; x_wconf 89' lang='lat' dir='ltr'>noluerunt;</span> <span class='ocrx_word' id='word_1_248' title='bbox 801 3481 854 3563; x_wconf 92' lang='lat' dir='ltr'>qui</span> <span class='ocrx_word' id='word_1_249' title='bbox 881 3480 987 3545; x_wconf 89' lang='lat' dir='ltr'>nando</span> <span class='ocrx_word' id='word_1_250' title='bbox 1014 3481 1047 3545; x_wconf 94' lang='lat' dir='ltr'>in</span> <span class='ocrx_word' id='word_1_251' title='bbox 1074 3487 1176 3546; x_wconf 91' lang='lat' dir='ltr'>tutum</span> <span class='ocrx_word' id='word_1_252' title='bbox 1197 3502 1308 3565; x_wconf 89' lang='lat' dir='ltr'>perve-</span> 
     </span>
     <span class='ocr_line' id='line_1_33' title="bbox 269 3583 1307 3667; baseline -0.001 -17"><span class='ocrx_word' id='word_1_253' title='bbox 269 3590 392 3650; x_wconf 90' lang='lat' dir='ltr'>nerunt.</span> <span class='ocrx_word' id='word_1_254' title='bbox 448 3587 491 3650; x_wconf 89' lang='lat' dir='ltr'>At</span> <span class='ocrx_word' id='word_1_255' title='bbox 531 3585 585 3649; x_wconf 88' lang='lat' dir='ltr'>ille</span> <span class='ocrx_word' id='word_1_256' title='bbox 625 3589 787 3667; x_wconf 89' lang='lat' dir='ltr'>praestare</span> <span class='ocrx_word' id='word_1_257' title='bbox 828 3583 994 3649; x_wconf 90' lang='lat' dir='ltr'>honestam</span> <span class='ocrx_word' id='word_1_258' title='bbox 1031 3591 1163 3649; x_wconf 91' lang='lat' dir='ltr'>mortem</span> <span class='ocrx_word' id='word_1_259' title='bbox 1201 3585 1307 3650; x_wconf 82' lang='lat' dir='ltr'>existi-</span> 
     </span>
     <span class='ocr_line' id='line_1_34' title="bbox 167 3686 1308 3771; baseline -0.002 -18"><span class='ocrx_word' id='word_1_260' title='bbox 167 3763 170 3770; x_wconf 44' lang='grc'><em>,</em></span> <span class='ocrx_word' id='word_1_261' title='bbox 268 3708 360 3753; x_wconf 90' lang='lat' dir='ltr'>mans</span> <span class='ocrx_word' id='word_1_262' title='bbox 381 3689 465 3771; x_wconf 86' lang='lat' dir='ltr'>turpi</span> <span class='ocrx_word' id='word_1_263' title='bbox 487 3687 583 3768; x_wconf 90' lang='lat' dir='ltr'>vitae,</span> <span class='ocrx_word' id='word_1_264' title='bbox 607 3687 780 3751; x_wconf 86' lang='lat' dir='ltr'>comminus</span> <span class='ocrx_word' id='word_1_265' title='bbox 802 3706 948 3770; x_wconf 89' lang='lat' dir='ltr'>pugnans</span> <span class='ocrx_word' id='word_1_266' title='bbox 968 3687 1038 3751; x_wconf 89' lang='lat' dir='ltr'>telis</span> <span class='ocrx_word' id='word_1_267' title='bbox 1057 3686 1194 3753; x_wconf 90' lang='lat' dir='ltr'>hostium</span> <span class='ocrx_word' id='word_1_268' title='bbox 1213 3689 1308 3753; x_wconf 90' lang='lat' dir='ltr'>inter-</span> 
     </span>
     <span class='ocr_line' id='line_1_35' title="bbox 268 3792 450 3856; baseline 0 0"><span class='ocrx_word' id='word_1_269' title='bbox 268 3792 370 3856; x_wconf 86' lang='lat' dir='ltr'>fectus</span> <span class='ocrx_word' id='word_1_270' title='bbox 394 3799 450 3856; x_wconf 87' lang='lat' dir='ltr'>est.</span> 
     </span>
    </p>
   </div>
   <div class='ocr_carea' id='block_1_7' title="bbox 0 0 1472 4192">
    <p class='ocr_par' dir='ltr' id='par_1_8' title="bbox 0 0 1472 4192">
     <span class='ocr_line' id='line_1_36' title="bbox 0 0 1472 4192; baseline 0 2"><span class='ocrx_word' id='word_1_271' title='bbox 0 0 1472 4192; x_wconf 95' lang='lat' dir='ltr'> </span> 
     </span>
    </p>
   </div>
  </div>
 </body>
</html>
